1593 2923
287 170 593 105 ET ISMÉNIE.

1066 202 41 85 9

43 280 1064 109 plaiſirs; il n’y a laiſſé dans la ſuite

60 384 1045 112 que les pleurs, les plaintes & les

58 470 242 109 regrets.

117 552 990 122 Je ſuis né dans la Médie, & je

58 655 1049 104 puis compter d’illuſtres aïeux. Mon

60 752 1040 102 pere remporta de grandes victoires

51 837 1056 117 à la tête des armées des Medes. Je

53 932 1049 117 le perdis dans mon enfance, & ceux

53 1030 1047 112 qui m’éleverent me firent regarder

46 1125 1051 107 ſes vertus comme la plus belle partie

60 1210 498 112 de ſon héritage.

87 1300 1005 117 A l'âge de quinze ans on m’éta¬

43 1388 1054 117 blit. On ne me donna point ce

41 1488 1054 114 nombre prodigieux de femmes dont

41 1580 1056 117 on accable en Médie les gens de ma

36 1668 1049 119 naiſſance. On voulut ſuivre la natu¬

39 1761 1044 126 re, & m’apprendre que, ſi les beſoins

34 1856 1054 119 des ſens étoient bornés, ceux du

39 1955 985 113 cœur l’étoient encore davantage.

43 2046 1037 114 Ardaſire n’étoit pas plus diſtin¬

41 2136 1037 146 guée de mes autres femmes par ſon

722 2240 117 120 Av
