1521 2915
408 242 46 105 4

690 230 468 90 ARSACE

386 325 1064 117 triens, fit des prodiges de valeur;

386 420 1066 116 il perça juſqu’au lieu où combattoit

393 507 1059 117 vaillamment le Roi d’Hircanie, & le

396 607 1059 114 fit priſonnier. Il remit ce prince à

396 699 1056 105 un officier; &, ſans dire ſon nom, il

393 794 1062 102 alloit rentrer dans la foule: mais

398 884 1059 124 ſuivi par les acclamations, il fut

400 981 1057 112 mené comme en triomphe à la tente

400 1071 1060 126 du général. Il parut devant lui avec

408 1161 1049 124 une noble aſſurance; il parla modeſ¬

410 1260 1052 122 tement de ſon action. Le général lui

408 1350 1052 122 offrit des récompenſes; il s’y mon¬

413 1433 1047 124 tra inſenſible: il voulut le combler

413 1532 1008 127 d’honneurs, il y parut accoutumé.

522 1625 943 116 Aſpar jugea qu’un tel homme

417 1717 1045 129 n’étoit pas d’une naiſſance ordinaire.

425 1809 1042 119 Il le fit venir à la Cour; & quand il

417 1902 1050 116 le vit, il ſe conſirma encore plus

408 1991 1061 129 dans cette penſée. Sa préſence lui

422 2086 1047 124 donna de l’admiration; la triſteſſe

425 2174 1040 194 même qui paroiſſoit ſur ſon viſage
