1575 2927
388 197 100 85 16

676 182 457 98 ARSACE

388 290 1035 107 point reſpecter le pouvoir. Elle ap¬

380 385 1041 102 pelloit de cette tyrannie à la nature,

378 473 1045 109 & de ſon impuiſſance à ſon déſeſ¬

380 578 154 117 poir.

471 658 962 112 La cérémonie du mariage ſe ſit

376 756 1052 92 dans le palais. Je menai la princeſſe

373 853 1050 103 dans ma maiſon. Là les concerts,

378 943 1052 96 les danſes, les feſtins, tout parut

378 1043 1048 98 exprimer une joie que mon cœur

376 1129 857 105 étoit bien éloigné de ſentir.

476 1224 954 102 La nuit étant venue, toute la

378 1312 1052 102 cour nous quitta. Les eunuques con¬

376 1400 1050 109 duiſirent la princeſſe dans ſon appar¬

376 1490 1050 105 tement : hélas ! c’étoit celui où j'a¬

385 1580 1038 100 vois fait tant de ſerments à Ardaſire.

378 1678 1048 112 Je me retirai dans le mien plein de

376 1770 652 115 rage & de déſeſpoir.

478 1856 948 112 Le moment ſixé pour l’hymen

380 1951 1041 117 arriva. J’entrai dans ce corridor,

385 2039 1043 124 preſque inconnu dans ma maiſon

383 2131 1043 156 même, par où l'amour m'avoit con¬
