1599 2920
318 182 601 100 ET ISMÉNIE.

1046 228 75 68 15

90 282 1049 117 de la mienne; ſignez : nous commen¬

90 382 1044 107 çons à devenir coupables; on compte

90 476 1039 105 les moments; je devrois être de re¬

90 564 1044 110 tour. Ma main tremblante ou rapide

90 671 1046 88 (car mon eſprit étoit perdu) traça

82 751 1054 110 les caracteres les plus funeſtes que

85 841 474 105 je puſſe former.

182 939 952 102 Mes femmes furent enlevées la

90 1031 1041 110 veille de mon mariage; mais Arda¬

82 1129 1052 102 ſire, qui avoit gagné un de mes

82 1216 1052 110 eunuques, mit une eſclave de ſa

87 1299 1044 109 taille & de ſon air ſous ſes voiles &

77 1394 1052 114 ſes habits, & ſe cacha dans un lieu

80 1486 1051 107 ſecret. Elle avoit fait entendre à

80 1584 1044 109 I’eunuque qu’elle vouloit ſe retirer

82 1678 876 110 parmi les prêtreſſes des dieux.

170 1766 954 105 Ardaſire avoit l’ame trop haute

90 1861 1036 112 pour qu’une loi, qui ſans aucun ſujet

87 1953 1032 108 privoit de leur état des femmes légi¬

87 2043 1039 115 times, pût lui paroître faite pour

85 2131 1044 129 elle. L'abus du pouvoir ne lui faiſoit
