1524 2918
394 206 32 129 6

657 209 467 94 ARSACE

367 308 1057 117 ſa cour. Elle paroiſſoit ſur ſon char

370 406 1056 107 au milieu d’un peuple immenſe. Un

377 500 1049 110 voile qui couvroit ſon viſage laiſſoit

374 598 1050 102 voir une taille charmante; ſes traits

372 688 1049 104 étoient cachés, & l’amour des peu¬

377 778 935 107 ples ſembloit les leur montrer.

474 887 959 88 Elle deſcendit de ſon char, &

379 967 1052 98 entra dans le temple. Les grands de

374 1060 1062 102 Bactriane étoient autour d’elle. Elle

379 1157 1057 100 ſe proſterna, & adora les Dieux

379 1240 1054 107 dans le ſilence; puis elle leva ſon

384 1334 1066 103 voile, ſe recueillit, & dit à haute

389 1444 187 90 voix :

426 1493 1020 126 Dieux immortels ! la Reine de

384 1614 1057 93 Bactriane vient vous rendre graces

384 1707 1059 104 de la victoire que vous lui avez don¬

387 1794 1049 102 née. Mettez le comble à vos faveurs,

391 1896 1059 107 en ne permettant jamais qu’elle en

389 1981 1049 115 abuſe. Faites qu’elle n’ait ni paſ¬

389 2071 1052 117 ſions, ni foibleſſes, ni caprices; que

394 2169 1047 136 ſes craintes ſoient de faire le mal,
