1560 2930
393 207 105 90 12

682 195 454 90 ARSACE

378 290 1059 125 de larmes, elle garda un profond

386 388 1046 114 ſilence; une pâleur mortelle paroiſ¬

383 485 1047 108 ſoit ſur ſon viſage, & j’y voyois une

381 571 1051 117 certaine indignation mêlée de dé¬

376 681 249 100 ſeſpoir.

430 754 1002 107 Je voulus l'embraſſer; elle me

378 852 1057 122 parut glacée, & je ne lui ſentis de

376 952 1056 110 mouvement que pour échapper de

378 1057 311 88 mes bras.

467 1130 970 105 Ce ne fut point la crainte de

378 1220 1054 118 mourir qui me fit accepter la prin¬

381 1316 1059 117 ceſſe, &, ſi je n’avois tremblé pour

378 1411 1057 107 Ardaſire, je me ſerois ſans doute

383 1499 1054 122 expoſé à la plus affreuſe vengeance.

378 1584 1054 125 Mais quand je me repréſentois que

376 1684 1061 108 ſa mort ſeroit infailliblement ſuivie

374 1775 1058 109 de mon refus, mon eſprit ſe con¬

374 1867 1063 130 fondoit, & je m’abandonnois à mon

381 1987 296 95 malheur.

471 2041 976 141 Je fus conduit dans le palais du

383 2138 1062 162 Roi, & il ne me fut plus permis
