<?xml version="1.0" encoding="UTF-8"?>
<alto xmlns:xsi="http://www.w3.org/2001/XMLSchema-instance"
      xmlns="http://www.loc.gov/standards/alto/ns-v4#"
      xsi:schemaLocation="http://www.loc.gov/standards/alto/ns-v4# http://www.loc.gov/standards/alto/v4/alto-4-2.xsd">
  <Description>
    <MeasurementUnit>pixel</MeasurementUnit>
    <sourceImageInformation>
      <fileName>bpt6k6495917k_f22.tif.jpeg</fileName>
      
    </sourceImageInformation>
  </Description>
  
  <Tags>
    <OtherTag ID="BT2772" LABEL="MainZone#2" DESCRIPTION="block type MainZone#2"/><OtherTag ID="BT2771" LABEL="MainZone#1" DESCRIPTION="block type MainZone#1"/><OtherTag ID="BT2770" LABEL="TitlePageZone" DESCRIPTION="block type TitlePageZone"/><OtherTag ID="BT2769" LABEL="TableZone" DESCRIPTION="block type TableZone"/><OtherTag ID="BT2768" LABEL="StampZone" DESCRIPTION="block type StampZone"/><OtherTag ID="BT2767" LABEL="SealZone" DESCRIPTION="block type SealZone"/><OtherTag ID="BT2766" LABEL="RunningTitleZone" DESCRIPTION="block type RunningTitleZone"/><OtherTag ID="BT2765" LABEL="QuireMarksZone" DESCRIPTION="block type QuireMarksZone"/><OtherTag ID="BT2764" LABEL="NumberingZone" DESCRIPTION="block type NumberingZone"/><OtherTag ID="BT2763" LABEL="MarginTextZone" DESCRIPTION="block type MarginTextZone"/><OtherTag ID="BT2762" LABEL="MainZone" DESCRIPTION="block type MainZone"/><OtherTag ID="BT2761" LABEL="GraphicZone" DESCRIPTION="block type GraphicZone"/><OtherTag ID="BT2760" LABEL="DropCapitalZone" DESCRIPTION="block type DropCapitalZone"/><OtherTag ID="BT2759" LABEL="DamageZone" DESCRIPTION="block type DamageZone"/>
    <OtherTag ID="LT983" LABEL="InterlinearLine" DESCRIPTION="line type InterlinearLine"/><OtherTag ID="LT982" LABEL="HeadingLine" DESCRIPTION="line type HeadingLine"/><OtherTag ID="LT981" LABEL="DropCapitalLine" DESCRIPTION="line type DropCapitalLine"/><OtherTag ID="LT980" LABEL="DefaultLine" DESCRIPTION="line type DefaultLine"/>
  </Tags>
  
  <Layout>
    <Page WIDTH="1590"
          HEIGHT="2918"
          PHYSICAL_IMG_NR="8"
          ID="eSc_dummypage_">
      <PrintSpace HPOS="0"
                  VPOS="0"
                  WIDTH="1590"
                  HEIGHT="2918">
        
        <TextBlock HPOS="432"
                   VPOS="216"
                   WIDTH="69"
                   HEIGHT="106"
                   ID="eSc_textblock_b7faf4d6"
                   TAGREFS="BT2764">
          <Shape><Polygon POINTS="432 216 432 322 501 322 501 216"/></Shape>
          
          
          <TextLine ID="eSc_line_501caede"
                    TAGREFS="LT980"
                    BASELINE="446 300 479 300" 
                    HPOS="443"
                    VPOS="218"
                    WIDTH="34"
                    HEIGHT="107">
            <Shape><Polygon POINTS="445 299 443 223 474 218 477 299 474 325 443 320"/></Shape>
	    <String CONTENT="8"
                    HPOS="443"
                    VPOS="218"
                    WIDTH="34"
                    HEIGHT="107"></String>
          </TextLine>

          
        </TextBlock>
        
        <TextBlock HPOS="678"
                   VPOS="223"
                   WIDTH="537"
                   HEIGHT="99"
                   ID="eSc_textblock_9032b506"
                   TAGREFS="BT2766">
          <Shape><Polygon POINTS="678 227 678 322 1211 318 1215 223"/></Shape>
          
          
          <TextLine ID="eSc_line_73393038"
                    TAGREFS="LT982"
                    BASELINE="708 296 1178 289" 
                    HPOS="703"
                    VPOS="226"
                    WIDTH="475"
                    HEIGHT="80">
            <Shape><Polygon POINTS="708 296 703 228 830 226 832 226 835 226 837 226 840 228 864 243 910 228 913 228 915 228 917 228 920 228 939 243 998 228 1000 228 1003 228 1005 228 1008 228 1010 228 1037 240 1171 231 1178 289 1178 306 708 306"/></Shape>
	    <String CONTENT="ARSACE"
                    HPOS="703"
                    VPOS="226"
                    WIDTH="475"
                    HEIGHT="80"></String>
          </TextLine>

          
        </TextBlock>
        
        <TextBlock HPOS="395"
                   VPOS="347"
                   WIDTH="1086"
                   HEIGHT="1968"
                   ID="eSc_textblock_b47eeb2a"
                   TAGREFS="BT2762">
          <Shape><Polygon POINTS="395 347 395 2315 1481 2315 1481 347"/></Shape>
          
          
          <TextLine ID="eSc_line_b741dc26"
                    TAGREFS="LT980"
                    BASELINE="423 406 1470 398" 
                    HPOS="418"
                    VPOS="325"
                    WIDTH="1052"
                    HEIGHT="107">
            <Shape><Polygon POINTS="423 406 418 340 606 330 608 330 608 330 608 330 611 330 611 330 635 340 652 347 667 340 686 330 686 330 686 330 689 330 689 330 689 330 769 328 771 328 771 328 774 328 774 328 774 328 776 328 776 328 793 342 803 350 1039 350 1047 342 1056 333 1056 333 1059 333 1059 333 1059 333 1061 333 1061 333 1061 333 1064 333 1064 333 1066 333 1066 333 1066 333 1088 342 1093 345 1095 342 1110 328 1110 328 1110 325 1110 325 1112 325 1112 325 1115 325 1115 325 1115 325 1117 325 1117 325 1120 325 1193 345 1197 345 1202 345 1258 325 1261 325 1261 325 1261 325 1263 325 1263 325 1263 325 1266 325 1266 325 1266 325 1302 345 1305 347 1465 347 1470 398 1465 423 1144 413 1112 427 1110 427 1110 427 1107 427 1107 427 1107 427 1105 427 1090 427 964 415 698 430 689 430 686 430 686 430 686 430 684 430 684 430 684 430 684 430 681 430 681 430 667 418 465 418 426 432"/></Shape>
	    <String CONTENT="lui dit l’étranger, vous raconter"
                    HPOS="418"
                    VPOS="325"
                    WIDTH="1052"
                    HEIGHT="107"></String>
          </TextLine>

          
          
          <TextLine ID="eSc_line_717dde35"
                    TAGREFS="LT980"
                    BASELINE="423 498 1470 488" 
                    HPOS="421"
                    VPOS="413"
                    WIDTH="1049"
                    HEIGHT="100">
            <Shape><Polygon POINTS="423 498 421 440 538 440 540 435 557 423 557 420 560 420 560 420 560 420 562 420 562 420 562 420 564 420 564 420 633 432 654 437 662 432 676 420 676 420 679 420 679 420 679 420 681 420 681 420 684 420 745 420 745 420 745 420 747 420 747 420 747 420 749 420 749 420 762 430 769 435 820 427 903 418 903 418 905 418 905 418 959 425 1012 432 1027 423 1037 415 1037 415 1039 415 1039 415 1042 415 1042 415 1042 415 1044 415 1044 415 1047 415 1047 415 1047 415 1049 415 1049 415 1049 418 1054 423 1066 435 1190 435 1234 418 1249 413 1249 413 1251 413 1251 413 1253 413 1465 413 1470 488 1468 508 423 513"/></Shape>
	    <String CONTENT="tous les événements de ma vie. C’eſt"
                    HPOS="421"
                    VPOS="413"
                    WIDTH="1049"
                    HEIGHT="100"></String>
          </TextLine>

          
          
          <TextLine ID="eSc_line_4d0f92f1"
                    TAGREFS="LT980"
                    BASELINE="423 593 1470 581" 
                    HPOS="418"
                    VPOS="522"
                    WIDTH="1052"
                    HEIGHT="100">
            <Shape><Polygon POINTS="423 593 418 537 1463 522 1470 581 1470 593 1434 610 1434 610 1434 610 1431 610 1431 610 1429 610 1429 610 1297 598 1261 612 1261 612 1258 612 1258 612 1256 612 1256 612 1137 600 1132 600 891 600 883 603 869 615 866 615 866 615 866 615 864 615 864 615 864 615 861 615 861 615 779 605 754 603 740 605 698 617 696 617 696 617 696 617 693 617 693 617 691 617 652 607 633 603 623 607 598 620 598 620 598 620 596 620 596 620 596 622 533 622 530 620 530 620 528 620 528 620 528 620 525 620 525 620 525 617 516 610 511 605 423 610"/></Shape>
	    <String CONTENT="ce que je vous demande, reprit"
                    HPOS="418"
                    VPOS="522"
                    WIDTH="1052"
                    HEIGHT="100"></String>
          </TextLine>

          
          
          <TextLine ID="eSc_line_66d12d02"
                    TAGREFS="LT980"
                    BASELINE="423 683 1470 676" 
                    HPOS="411"
                    VPOS="605"
                    WIDTH="1059"
                    HEIGHT="105">
            <Shape><Polygon POINTS="423 683 411 627 423 612 426 612 426 610 426 610 428 610 428 610 428 610 430 610 430 610 433 610 540 610 540 610 540 610 642 627 650 627 652 627 669 612 669 610 672 610 672 610 672 610 674 610 674 610 676 610 720 610 720 610 720 610 723 610 723 610 723 610 725 610 725 610 725 612 740 627 742 627 888 627 891 624 925 607 925 607 925 607 927 607 927 607 930 607 930 607 930 607 932 607 932 607 932 607 935 607 959 624 961 627 1054 627 1054 624 1073 610 1073 607 1073 607 1076 607 1076 607 1078 607 1078 607 1078 607 1081 607 1081 607 1081 607 1154 622 1207 605 1210 605 1210 605 1210 605 1212 605 1273 607 1273 607 1273 607 1275 607 1275 607 1275 607 1278 607 1278 607 1278 610 1292 624 1400 624 1417 610 1417 610 1419 610 1419 610 1421 610 1421 610 1421 610 1424 610 1424 610 1424 610 1426 610 1468 624 1470 676 1468 690 1295 702 1292 702 1292 702 1202 695 1120 690 1068 697 1027 705 1027 705 1025 705 883 702 637 695 625 705 625 707 625 707 625 707 623 707 623 707 623 707 620 707 620 707 620 707 618 707 596 707 452 695 428 710"/></Shape>
	    <String CONTENT="Aſpar; vous parlerez à un homme"
                    HPOS="411"
                    VPOS="605"
                    WIDTH="1059"
                    HEIGHT="105"></String>
          </TextLine>

          
          
          <TextLine ID="eSc_line_9d7cfe02"
                    TAGREFS="LT980"
                    BASELINE="423 778 1473 768" 
                    HPOS="418"
                    VPOS="700"
                    WIDTH="1055"
                    HEIGHT="102">
            <Shape><Polygon POINTS="423 778 418 717 608 705 611 705 611 705 611 705 613 705 613 705 613 705 633 717 645 722 674 717 703 710 703 710 703 710 706 710 706 710 745 717 769 719 784 717 815 705 818 705 818 705 818 705 820 705 820 705 908 717 939 719 954 717 1003 700 1005 700 1005 700 1008 700 1090 700 1090 700 1090 700 1093 700 1093 700 1093 700 1095 700 1095 702 1112 717 1115 717 1120 717 1180 700 1183 700 1183 700 1185 700 1185 700 1185 700 1188 700 1234 717 1468 717 1473 768 1470 792 969 785 908 797 908 797 908 797 905 797 718 787 684 800 684 800 681 800 681 800 681 800 679 800 676 800 469 790 426 802"/></Shape>
	    <String CONTENT="ſenſible : ne me cachez rien; tout"
                    HPOS="418"
                    VPOS="700"
                    WIDTH="1055"
                    HEIGHT="102"></String>
          </TextLine>

          
          
          <TextLine ID="eSc_line_197c8d6f"
                    TAGREFS="LT980"
                    BASELINE="426 870 1309 865" 
                    HPOS="418"
                    VPOS="795"
                    WIDTH="891"
                    HEIGHT="99">
            <Shape><Polygon POINTS="426 870 418 819 469 797 469 797 472 797 472 797 474 797 538 797 538 797 538 797 540 797 540 797 540 797 542 797 542 797 564 814 698 802 698 802 701 802 701 802 703 802 703 802 703 802 706 802 706 802 720 814 720 817 810 817 815 814 859 795 859 795 861 795 861 795 861 795 864 795 864 795 864 795 937 812 944 814 1042 814 1044 809 1059 797 1059 795 1059 795 1061 795 1061 795 1061 795 1064 795 1064 795 1064 795 1066 795 1066 795 1149 809 1173 814 1241 814 1251 807 1266 795 1266 795 1268 795 1268 795 1271 795 1271 795 1271 795 1273 795 1273 795 1275 795 1275 795 1307 807 1309 865 1307 880 426 894"/></Shape>
	    <String CONTENT="eſt important devant l’amitié."
                    HPOS="418"
                    VPOS="795"
                    WIDTH="891"
                    HEIGHT="99"></String>
          </TextLine>

          
          
          <TextLine ID="eSc_line_d80983ac"
                    TAGREFS="LT980"
                    BASELINE="516 965 1470 955" 
                    HPOS="511"
                    VPOS="882"
                    WIDTH="959"
                    HEIGHT="93">
            <Shape><Polygon POINTS="516 965 511 889 591 887 594 887 594 887 594 887 596 887 596 887 601 889 630 902 691 889 713 887 713 887 715 887 715 887 715 887 718 887 718 887 718 887 725 889 749 904 771 892 784 885 784 885 784 885 786 885 786 885 786 885 788 885 788 885 852 892 930 902 944 892 954 885 954 885 956 885 956 885 959 885 959 885 959 885 961 885 961 885 961 885 964 885 991 894 1008 899 1020 894 1044 882 1044 882 1044 882 1047 882 1047 882 1049 882 1049 882 1049 882 1051 882 1051 882 1051 882 1076 894 1083 899 1224 899 1236 897 1273 885 1275 885 1275 885 1275 885 1278 885 1278 885 1280 885 1280 885 1280 885 1283 885 1283 885 1295 897 1297 899 1385 899 1404 899 1421 882 1421 882 1421 882 1424 882 1424 882 1426 882 1426 882 1426 882 1429 882 1429 882 1429 882 1431 882 1431 882 1468 899 1470 955 1468 970 516 975"/></Shape>
	    <String CONTENT="Ce n’étoit pas ſeulement la ten¬"
                    HPOS="511"
                    VPOS="882"
                    WIDTH="959"
                    HEIGHT="93"></String>
          </TextLine>

          
          
          <TextLine ID="eSc_line_dfdfd693"
                    TAGREFS="LT980"
                    BASELINE="426 1057 1477 1048" 
                    HPOS="416"
                    VPOS="975"
                    WIDTH="1061"
                    HEIGHT="111">
            <Shape><Polygon POINTS="426 1057 416 1001 448 982 450 982 450 982 450 982 452 982 452 982 455 982 455 982 616 996 630 996 786 996 793 992 823 979 823 979 825 979 825 979 825 979 827 979 827 979 827 979 874 989 896 994 913 989 944 977 944 977 947 977 947 977 949 977 949 977 952 977 952 977 952 977 971 987 983 992 1127 992 1137 982 1141 977 1141 977 1144 977 1144 977 1144 977 1146 977 1146 977 1146 977 1149 977 1149 977 1151 977 1168 982 1207 992 1239 979 1251 975 1251 975 1253 975 1253 975 1253 975 1256 975 1256 975 1258 975 1258 975 1258 975 1261 975 1261 975 1266 979 1275 987 1288 979 1292 975 1295 975 1295 975 1295 975 1297 975 1297 975 1300 975 1473 975 1477 1048 1473 1079 1441 1065 1412 1079 1412 1079 1412 1079 1412 1079 1409 1079 1409 1079 1409 1079 1407 1079 1407 1079 1400 1079 1314 1065 1239 1079 1215 1082 1215 1082 1212 1082 1212 1082 1212 1082 1210 1082 1197 1077 1163 1067 1071 1067 1064 1077 1064 1079 1061 1079 1061 1082 1061 1082 1059 1082 1059 1082 1059 1082 1056 1082 1056 1082 1054 1082 1054 1082 1008 1077 947 1069 927 1077 905 1084 905 1084 903 1084 903 1084 903 1086 771 1086 769 1084 769 1084 766 1084 766 1084 742 1074 728 1069 589 1069 584 1074 567 1086 564 1086 564 1086 564 1086 562 1086 562 1086 560 1086 560 1086 423 1072"/></Shape>
	    <String CONTENT="dreſſe &amp; un ſentiment de pitié qui"
                    HPOS="416"
                    VPOS="975"
                    WIDTH="1061"
                    HEIGHT="111"></String>
          </TextLine>

          
          
          <TextLine ID="eSc_line_d79bed5e"
                    TAGREFS="LT980"
                    BASELINE="428 1152 1473 1140" 
                    HPOS="426"
                    VPOS="1065"
                    WIDTH="1047"
                    HEIGHT="111">
            <Shape><Polygon POINTS="428 1152 426 1082 830 1091 947 1072 966 1069 966 1069 969 1069 969 1069 969 1069 971 1069 971 1069 971 1069 973 1069 973 1069 976 1072 995 1086 1020 1072 1020 1069 1022 1069 1022 1069 1022 1069 1025 1069 1025 1069 1025 1069 1027 1069 1027 1069 1029 1069 1029 1069 1032 1069 1071 1086 1088 1072 1088 1069 1088 1069 1090 1069 1090 1069 1090 1069 1093 1069 1093 1069 1093 1069 1154 1067 1156 1067 1156 1067 1159 1067 1159 1067 1159 1067 1161 1069 1197 1086 1273 1067 1283 1065 1285 1065 1285 1065 1288 1065 1288 1065 1288 1065 1290 1065 1290 1065 1292 1065 1295 1067 1327 1086 1395 1086 1419 1065 1419 1065 1421 1065 1421 1065 1421 1065 1421 1065 1424 1065 1424 1065 1426 1065 1468 1065 1473 1140 1470 1157 888 1172 886 1172 886 1172 886 1172 883 1172 854 1162 844 1159 837 1162 810 1174 810 1174 808 1174 808 1174 808 1174 805 1174 672 1164 637 1162 620 1164 560 1176 560 1176 560 1176 557 1176 426 1164"/></Shape>
	    <String CONTENT="donnoit cette curioſité à Aſpar. Il"
                    HPOS="426"
                    VPOS="1065"
                    WIDTH="1047"
                    HEIGHT="111"></String>
          </TextLine>

          
          
          <TextLine ID="eSc_line_0f22d87f"
                    TAGREFS="LT980"
                    BASELINE="430 1245 1468 1227" 
                    HPOS="426"
                    VPOS="1162"
                    WIDTH="1042"
                    HEIGHT="97">
            <Shape><Polygon POINTS="430 1245 426 1193 574 1174 574 1174 577 1174 577 1174 674 1189 676 1189 684 1189 788 1172 788 1172 791 1172 791 1172 908 1184 930 1169 932 1169 932 1169 932 1169 935 1169 935 1169 937 1169 937 1169 937 1169 939 1169 939 1169 939 1169 942 1169 961 1184 1015 1167 1017 1167 1017 1167 1017 1167 1020 1167 1020 1167 1151 1181 1185 1164 1185 1164 1185 1164 1188 1164 1188 1164 1188 1164 1190 1164 1190 1164 1193 1164 1193 1164 1193 1164 1224 1179 1346 1179 1370 1162 1373 1162 1373 1162 1373 1162 1375 1162 1375 1162 1378 1162 1378 1162 1378 1162 1463 1179 1468 1227 1468 1249 430 1259"/></Shape>
	    <String CONTENT="vouloit attacher cet homme extraor¬"
                    HPOS="426"
                    VPOS="1162"
                    WIDTH="1042"
                    HEIGHT="97"></String>
          </TextLine>

          
          
          <TextLine ID="eSc_line_0b2ee1ae"
                    TAGREFS="LT980"
                    BASELINE="428 1334 1470 1322" 
                    HPOS="421"
                    VPOS="1249"
                    WIDTH="1049"
                    HEIGHT="105">
            <Shape><Polygon POINTS="428 1334 421 1276 455 1257 455 1257 455 1257 457 1257 457 1257 457 1257 460 1257 460 1257 462 1257 504 1269 516 1259 516 1257 516 1257 518 1257 518 1257 518 1257 521 1257 521 1257 521 1257 633 1254 635 1254 635 1254 637 1254 637 1254 637 1254 640 1254 662 1266 674 1257 674 1254 674 1254 676 1254 676 1254 676 1254 679 1254 679 1254 681 1254 754 1254 754 1254 754 1254 757 1254 757 1254 757 1254 759 1254 759 1254 759 1257 771 1269 776 1274 837 1274 981 1271 993 1264 1015 1254 1015 1254 1017 1254 1017 1254 1017 1254 1020 1254 1020 1254 1020 1254 1059 1262 1081 1266 1095 1262 1127 1249 1127 1249 1129 1249 1129 1249 1129 1249 1132 1249 1132 1249 1134 1249 1134 1249 1134 1249 1137 1249 1151 1259 1159 1264 1171 1259 1193 1252 1193 1252 1195 1252 1195 1252 1197 1252 1197 1252 1197 1252 1200 1252 1200 1252 1200 1252 1202 1252 1202 1252 1210 1259 1217 1266 1236 1259 1253 1252 1253 1252 1256 1252 1256 1252 1258 1252 1258 1252 1258 1252 1261 1252 1261 1252 1263 1252 1271 1257 1283 1264 1463 1254 1470 1322 1468 1339 428 1354"/></Shape>
	    <String CONTENT="dinaire à la cour de Bactriane; il"
                    HPOS="421"
                    VPOS="1249"
                    WIDTH="1049"
                    HEIGHT="105"></String>
          </TextLine>

          
          
          <TextLine ID="eSc_line_ae363ad7"
                    TAGREFS="LT980"
                    BASELINE="426 1429 1477 1415" 
                    HPOS="421"
                    VPOS="1342"
                    WIDTH="1056"
                    HEIGHT="109">
            <Shape><Polygon POINTS="426 1429 421 1354 533 1354 533 1354 533 1354 535 1354 535 1354 535 1354 538 1354 538 1354 562 1371 686 1371 706 1354 708 1352 708 1352 710 1352 710 1352 710 1352 713 1352 713 1352 715 1352 715 1352 715 1352 718 1352 718 1352 725 1354 762 1369 866 1356 866 1356 869 1356 869 1356 927 1366 942 1354 949 1349 949 1349 952 1349 952 1349 954 1349 954 1349 954 1349 956 1349 1083 1356 1107 1356 1110 1356 1124 1344 1124 1344 1127 1344 1127 1344 1129 1344 1129 1344 1129 1344 1132 1344 1132 1344 1134 1344 1134 1344 1134 1344 1159 1356 1171 1361 1185 1356 1219 1344 1219 1344 1222 1344 1222 1344 1224 1344 1224 1344 1224 1344 1227 1344 1268 1356 1285 1361 1297 1356 1329 1342 1329 1342 1329 1342 1331 1342 1331 1342 1334 1342 1334 1342 1334 1342 1336 1342 1336 1342 1336 1342 1365 1356 1368 1359 1473 1359 1477 1415 1475 1437 1159 1429 1149 1439 1146 1439 1146 1441 1146 1441 1144 1441 1144 1441 1144 1441 1141 1441 1141 1441 1139 1441 1139 1441 1139 1441 1137 1441 1137 1441 1137 1441 1134 1441 1134 1441 1132 1439 1122 1432 1076 1439 1037 1444 1037 1444 1034 1444 1034 1444 1034 1444 1032 1444 1032 1444 1032 1444 1029 1444 1029 1444 1025 1439 1017 1432 1000 1439 988 1444 988 1444 986 1444 986 1444 986 1444 983 1444 983 1444 981 1444 981 1444 981 1444 978 1444 971 1439 961 1432 954 1439 947 1446 947 1446 944 1446 944 1446 944 1446 942 1446 942 1446 942 1449 840 1449 837 1446 837 1446 801 1439 774 1434 747 1439 698 1449 698 1449 698 1449 696 1449 601 1439 584 1439 581 1439 564 1451 562 1451 562 1451 560 1451 560 1451 560 1451 557 1451 423 1439"/></Shape>
	    <String CONTENT="deſiroit de connoître à fond un"
                    HPOS="421"
                    VPOS="1342"
                    WIDTH="1056"
                    HEIGHT="109"></String>
          </TextLine>

          
          
          <TextLine ID="eSc_line_7ed19918"
                    TAGREFS="LT980"
                    BASELINE="426 1517 1470 1507" 
                    HPOS="426"
                    VPOS="1432"
                    WIDTH="1044"
                    HEIGHT="104">
            <Shape><Polygon POINTS="426 1517 426 1441 469 1459 679 1459 779 1444 842 1437 842 1437 844 1437 844 1437 844 1437 888 1444 930 1454 952 1446 983 1434 983 1434 986 1434 986 1434 986 1434 988 1434 988 1434 1066 1446 1098 1451 1105 1446 1122 1434 1124 1434 1124 1434 1124 1434 1127 1434 1127 1434 1127 1434 1129 1434 1129 1434 1132 1434 1185 1449 1190 1449 1195 1449 1241 1432 1241 1432 1244 1432 1244 1432 1246 1432 1380 1432 1380 1432 1380 1432 1465 1451 1470 1507 1468 1527 426 1536"/></Shape>
	    <String CONTENT="homme qui étoit déja dans l’ordre"
                    HPOS="426"
                    VPOS="1432"
                    WIDTH="1044"
                    HEIGHT="104"></String>
          </TextLine>

          
          
          <TextLine ID="eSc_line_df34a478"
                    TAGREFS="LT980"
                    BASELINE="428 1612 1470 1597" 
                    HPOS="421"
                    VPOS="1522"
                    WIDTH="1054"
                    HEIGHT="119">
            <Shape><Polygon POINTS="428 1612 421 1553 455 1534 455 1534 455 1534 457 1534 457 1534 457 1534 460 1534 460 1534 594 1548 647 1531 650 1531 650 1531 650 1531 652 1531 652 1531 654 1531 698 1541 791 1529 791 1529 793 1529 793 1529 942 1544 1042 1527 1042 1527 1042 1527 1044 1527 1044 1527 1047 1527 1100 1541 1122 1524 1122 1524 1124 1524 1124 1524 1127 1524 1127 1524 1127 1524 1129 1524 1129 1524 1129 1524 1132 1524 1180 1539 1309 1522 1309 1522 1312 1522 1312 1522 1312 1522 1314 1522 1314 1522 1348 1539 1465 1539 1470 1597 1475 1614 1456 1629 1456 1629 1453 1629 1453 1629 1453 1629 1451 1629 1451 1629 1448 1629 1448 1629 1448 1629 1385 1617 1217 1631 1217 1631 1215 1631 1215 1631 1132 1617 1124 1617 1122 1617 1093 1634 1093 1634 1093 1634 1090 1634 1090 1634 1090 1634 1088 1634 1088 1634 978 1619 971 1619 971 1619 944 1636 942 1636 942 1636 942 1636 939 1636 939 1636 939 1638 869 1638 866 1636 866 1636 864 1636 864 1636 864 1636 861 1636 861 1636 861 1634 847 1621 737 1634 737 1634 735 1634 735 1634 650 1624 601 1641 601 1641 598 1641 598 1641 596 1641 596 1641 596 1641 594 1641 594 1641 594 1641 591 1641 569 1626 428 1626"/></Shape>
	    <String CONTENT="de ſes deſſeins, &amp; qu’il deſtinoit"
                    HPOS="421"
                    VPOS="1522"
                    WIDTH="1054"
                    HEIGHT="119"></String>
          </TextLine>

          
          
          <TextLine ID="eSc_line_8db19f8e"
                    TAGREFS="LT980"
                    BASELINE="430 1704 1468 1690" 
                    HPOS="418"
                    VPOS="1619"
                    WIDTH="1050"
                    HEIGHT="114">
            <Shape><Polygon POINTS="430 1704 418 1655 435 1634 438 1634 438 1631 438 1631 440 1631 440 1631 440 1631 443 1631 443 1631 443 1631 445 1631 445 1631 564 1653 589 1653 594 1653 594 1651 613 1631 613 1631 613 1629 613 1629 616 1629 616 1629 616 1629 618 1629 618 1629 620 1629 693 1631 693 1631 693 1631 696 1631 696 1631 698 1631 725 1648 810 1626 813 1626 813 1626 815 1626 913 1626 913 1626 913 1626 915 1626 915 1626 915 1626 917 1626 917 1626 939 1643 939 1646 1093 1646 1098 1641 1120 1624 1120 1624 1122 1624 1122 1624 1122 1624 1124 1624 1124 1624 1127 1624 1127 1624 1127 1624 1129 1624 1176 1638 1185 1643 1288 1643 1297 1636 1324 1624 1324 1624 1324 1624 1327 1624 1327 1624 1329 1624 1329 1624 1329 1624 1331 1624 1331 1624 1334 1624 1351 1636 1351 1636 1353 1636 1375 1619 1378 1619 1378 1619 1378 1619 1380 1619 1380 1619 1383 1619 1383 1619 1383 1619 1385 1619 1385 1619 1417 1634 1429 1638 1460 1634 1468 1690 1465 1716 1339 1709 1261 1721 1239 1724 1239 1724 1236 1724 1236 1724 1236 1724 1234 1724 1234 1724 1227 1721 1202 1711 1100 1724 1071 1726 1071 1726 1068 1726 1068 1726 1054 1724 995 1714 728 1728 689 1731 686 1731 686 1731 676 1731 603 1719 430 1733"/></Shape>
	    <String CONTENT="dans ſa penſée aux plus grandes"
                    HPOS="418"
                    VPOS="1619"
                    WIDTH="1050"
                    HEIGHT="114"></String>
          </TextLine>

          
          
          <TextLine ID="eSc_line_625f76f0"
                    TAGREFS="LT980"
                    BASELINE="430 1799 650 1792" 
                    HPOS="423"
                    VPOS="1728"
                    WIDTH="227"
                    HEIGHT="95">
            <Shape><Polygon POINTS="430 1799 423 1741 642 1728 650 1792 650 1801 574 1821 574 1821 574 1821 572 1821 572 1821 572 1821 518 1809 508 1821 506 1821 506 1823 506 1823 504 1823 504 1823 504 1823 501 1823 501 1823 499 1823 499 1823 499 1823 428 1809"/></Shape>
	    <String CONTENT="choſes."
                    HPOS="423"
                    VPOS="1728"
                    WIDTH="227"
                    HEIGHT="95"></String>
          </TextLine>

          
          
          <TextLine ID="eSc_line_88e2ef37"
                    TAGREFS="LT980"
                    BASELINE="523 1889 1463 1872" 
                    HPOS="518"
                    VPOS="1804"
                    WIDTH="945"
                    HEIGHT="117">
            <Shape><Polygon POINTS="523 1889 518 1821 652 1818 654 1818 654 1818 657 1818 657 1818 657 1818 659 1818 659 1818 659 1821 659 1821 672 1831 725 1821 764 1814 764 1814 764 1814 766 1814 766 1814 766 1814 798 1821 840 1831 852 1821 861 1811 861 1811 864 1811 864 1811 864 1811 866 1811 866 1811 866 1811 983 1809 986 1809 986 1809 988 1809 988 1809 988 1809 991 1809 991 1809 1005 1821 1017 1831 1054 1831 1090 1821 1159 1806 1159 1806 1159 1806 1161 1806 1161 1806 1163 1806 1215 1821 1222 1823 1227 1821 1266 1804 1266 1804 1268 1804 1268 1804 1268 1804 1271 1804 1271 1804 1271 1804 1273 1804 1273 1804 1275 1804 1275 1804 1297 1821 1302 1823 1456 1823 1463 1872 1460 1901 1365 1903 1363 1903 1363 1903 1363 1903 1361 1903 1361 1903 1361 1903 1327 1889 1261 1906 1261 1906 1258 1906 1258 1906 1256 1906 1256 1906 1256 1906 1253 1906 1253 1906 1207 1891 1190 1906 1190 1908 1190 1908 1190 1908 1188 1908 1188 1908 1188 1908 1185 1908 1185 1908 1185 1908 1183 1908 1183 1908 1176 1908 1085 1894 978 1911 978 1911 976 1911 976 1911 976 1911 973 1911 935 1899 900 1913 900 1913 900 1913 898 1913 898 1913 898 1913 896 1913 896 1913 893 1913 893 1913 893 1913 893 1913 891 1913 891 1913 891 1911 876 1899 830 1899 737 1916 737 1916 737 1916 735 1916 735 1916 732 1916 681 1901 523 1921"/></Shape>
	    <String CONTENT="L’étranger ſe recueillit un mo¬"
                    HPOS="518"
                    VPOS="1804"
                    WIDTH="945"
                    HEIGHT="117"></String>
          </TextLine>

          
          
          <TextLine ID="eSc_line_91cf5747"
                    TAGREFS="LT980"
                    BASELINE="433 1986 1234 1969" 
                    HPOS="428"
                    VPOS="1896"
                    WIDTH="806"
                    HEIGHT="102">
            <Shape><Polygon POINTS="433 1986 428 1933 501 1933 504 1930 535 1908 538 1908 538 1908 538 1908 540 1908 540 1908 540 1908 659 1906 662 1906 662 1906 757 1925 766 1925 861 1925 866 1923 905 1901 905 1901 905 1901 908 1901 908 1901 908 1901 910 1901 910 1901 913 1901 913 1901 961 1921 961 1921 964 1921 1003 1903 1003 1903 1005 1903 1005 1903 1005 1903 1008 1903 1146 1916 1149 1916 1149 1916 1173 1896 1173 1896 1176 1896 1176 1896 1176 1896 1178 1896 1178 1896 1180 1896 1180 1896 1180 1896 1183 1896 1183 1896 1183 1896 1185 1896 1185 1896 1185 1899 1202 1916 1205 1916 1227 1916 1234 1969 1234 1991 433 1998"/></Shape>
	    <String CONTENT="ment, &amp; commença ainſi :"
                    HPOS="428"
                    VPOS="1896"
                    WIDTH="806"
                    HEIGHT="102"></String>
          </TextLine>

          
          
          <TextLine ID="eSc_line_d3bf2e2e"
                    TAGREFS="LT980"
                    BASELINE="528 2074 1470 2064" 
                    HPOS="523"
                    VPOS="1991"
                    WIDTH="947"
                    HEIGHT="95">
            <Shape><Polygon POINTS="528 2074 523 2013 623 1998 623 1998 625 1998 625 1998 625 1998 628 1998 664 2010 679 2015 708 2010 766 2003 766 2003 769 2003 769 2003 769 2003 805 2010 815 2013 818 2010 840 1996 842 1996 842 1996 842 1996 844 1996 844 1996 844 1996 847 1996 1100 2010 1120 2010 1122 2010 1144 1993 1144 1993 1146 1993 1146 1993 1149 1993 1149 1993 1149 1993 1151 1993 1151 1993 1151 1993 1200 2003 1227 1991 1227 1991 1227 1991 1229 1991 1229 1991 1232 1991 1232 1991 1232 1991 1234 1991 1234 1991 1278 2008 1339 1991 1341 1991 1341 1991 1341 1991 1344 1991 1344 1991 1465 2010 1470 2064 1468 2083 528 2086"/></Shape>
	    <String CONTENT="L’amour a fait tout le bonheur"
                    HPOS="523"
                    VPOS="1991"
                    WIDTH="947"
                    HEIGHT="95"></String>
          </TextLine>

          
          
          <TextLine ID="eSc_line_ffa10342"
                    TAGREFS="LT980"
                    BASELINE="433 2169 1470 2156" 
                    HPOS="428"
                    VPOS="2086"
                    WIDTH="1042"
                    HEIGHT="107">
            <Shape><Polygon POINTS="433 2169 428 2108 477 2096 477 2096 477 2096 479 2096 479 2096 482 2096 482 2096 482 2096 484 2096 484 2096 496 2108 506 2115 572 2115 611 2108 674 2093 674 2093 674 2093 676 2093 676 2093 679 2093 679 2093 679 2093 681 2093 681 2093 681 2096 693 2108 698 2113 754 2113 759 2108 774 2096 774 2093 774 2093 776 2093 776 2093 779 2093 779 2093 779 2093 857 2091 859 2091 859 2091 861 2091 861 2091 861 2091 864 2091 864 2091 864 2093 879 2108 883 2113 973 2113 988 2108 1049 2088 1051 2088 1051 2088 1051 2088 1054 2088 1054 2088 1056 2088 1056 2088 1056 2088 1059 2088 1085 2108 1090 2110 1251 2110 1302 2108 1302 2108 1322 2088 1322 2086 1322 2086 1324 2086 1324 2086 1324 2086 1327 2086 1327 2086 1327 2086 1329 2086 1329 2086 1465 2108 1470 2156 1470 2171 1161 2186 1159 2186 1159 2186 1088 2176 1073 2173 1059 2176 983 2188 983 2188 981 2188 981 2188 981 2188 917 2176 910 2176 903 2176 818 2190 818 2190 818 2190 815 2190 652 2178 645 2178 640 2178 542 2193 542 2193 540 2193 540 2193 430 2178"/></Shape>
	    <String CONTENT="&amp; tout le malheur de ma vie. D’a¬"
                    HPOS="428"
                    VPOS="2086"
                    WIDTH="1042"
                    HEIGHT="107"></String>
          </TextLine>

          
          
          <TextLine ID="eSc_line_67598f69"
                    TAGREFS="LT980"
                    BASELINE="433 2261 1468 2249" 
                    HPOS="423"
                    VPOS="2178"
                    WIDTH="1045"
                    HEIGHT="132">
            <Shape><Polygon POINTS="433 2261 423 2207 443 2188 443 2186 443 2186 445 2186 445 2186 445 2186 448 2186 448 2186 450 2186 450 2186 450 2186 452 2186 452 2186 484 2198 652 2186 654 2186 654 2186 654 2186 657 2186 657 2186 691 2200 693 2203 825 2203 832 2198 857 2181 859 2181 859 2181 859 2181 861 2181 861 2181 864 2181 969 2181 969 2181 969 2181 971 2181 971 2181 971 2181 973 2181 973 2181 988 2193 991 2195 998 2193 1047 2178 1049 2178 1049 2178 1051 2178 1051 2178 1051 2178 1054 2178 1054 2178 1054 2178 1078 2190 1088 2198 1163 2198 1173 2188 1185 2178 1185 2178 1188 2178 1188 2178 1188 2178 1190 2178 1190 2178 1193 2178 1193 2178 1193 2178 1195 2178 1195 2178 1219 2188 1239 2195 1460 2183 1468 2249 1463 2280 1380 2280 1375 2283 1344 2300 1344 2300 1344 2300 1341 2300 1341 2300 1339 2300 1339 2300 1339 2300 1263 2283 1241 2280 1217 2285 1159 2295 1159 2295 1159 2295 1156 2295 1156 2295 1098 2285 1073 2283 1061 2285 1008 2305 1005 2305 1005 2305 1005 2305 847 2307 844 2307 844 2307 842 2307 786 2290 769 2285 745 2290 689 2302 689 2302 689 2302 686 2302 686 2302 686 2302 684 2302 684 2302 684 2302 667 2293 642 2310 640 2310 640 2310 640 2310 637 2310 637 2310 637 2310 635 2310 635 2310 633 2310 564 2293 542 2288 433 2293"/></Shape>
	    <String CONTENT="bord il l’avoit ſemée de peines &amp; de"
                    HPOS="423"
                    VPOS="2178"
                    WIDTH="1045"
                    HEIGHT="132"></String>
          </TextLine>

          
        </TextBlock>
        

        
      </PrintSpace>
    </Page>
  </Layout>
</alto>
