1608 2905
302 213 618 104 ET ISMÉNIE.

1036 227 82 82 19

77 312 1056 109 & d’amour, j’allai par-tout donner

84 411 1046 107 mes ordres. La porte de l’apparte¬

87 501 1048 96 ment de la princeſſe fut fermée. Je

82 593 1053 104 pris tout ce que je pus emporter d’or

82 687 1051 107 & de pierreries. Je fis prendre à mes

82 786 1053 92 eſclaves divers chemins, & partis

82 873 1053 100 ſeul avec Ardaſire dans l'horreur de

87 963 1056 116 la nuit, eſpérant tout, craignant

79 1060 1061 111 tout, perdant quelquefois mon au¬

82 1147 1053 109 dace naturelle, ſaiſi par toutes les

89 1246 1051 107 paſſions, quelquefois par les remords

79 1331 1061 102 mêmes, ne ſachant ſi je ſuivois mon

77 1425 1058 112 devoir, ou l’amour, qui le fait ou¬

77 1517 194 112 blier.

167 1607 963 109 Je ne vous dirai point les périls

82 1701 1044 104 infinis que nous courûmes. Ardaſire,

79 1793 1051 109 malgré la foibleſſe de ſon ſexe,

79 1888 1049 109 m’encourageoit; elle étoit mourante,

79 1980 1051 109 & elle me ſuivoit toujours. Je fuyois

82 2074 1061 104 la préſence des hommes; car tous

79 2147 1054 152 les hommes étoient devenus mes
