1512 2915
384 216 51 97 2

663 211 472 97 ARSACE

369 308 1055 100 toutes les autres. La paix, qu’on

362 395 1055 112 n’oſoit plus eſpérer, fut rétablie.

371 490 1051 112 Tel fut le preſtige d’Aſpar; chacun

359 595 1060 94 rentra dans le devoir, & ignora preſ¬

369 677 1053 107 que qu’il en fût ſorti. Sans effort &

359 770 1063 119 ſans bruit, il ſavoit faire les grandes

367 874 230 97 choſes.

461 949 963 102 La paix fut troublée par le Roi

364 1049 1060 97 d’Hircanie. Il envoya des Ambaſſa¬

367 1144 1057 94 deurs pour demander Iſménie en

367 1241 1059 92 mariage; &, ſur ſes refus, il entra

371 1326 1063 95 dans la Bactriane. Cette entrée fut

374 1413 1055 117 ſinguliere. Tantôt il paroiſſoit armé

369 1515 1053 105 de toutes pieces, & prêt à com¬

369 1608 1057 102 battre ſes ennemis; tantôt on le

379 1700 1047 107 voyoit vêtu comme un amant que

376 1792 1060 105 l’amour conduit auprès de ſa maî¬

376 1887 1058 104 treſſe. Il menoit avec lui tout ce qui

386 1979 1040 105 étoit propre à un appareil de nôces;

376 2067 1050 111 des danſeurs, des joueurs d’inſtru¬

384 2161 1038 132 ments, des farceurs, des cuiſiniers,
