1599 2920
306 180 616 97 ET ISMÉNIE.

1044 199 77 105 13

85 282 1046 109 d’en ſortir. Je vis ce lieu fait pour

85 377 1044 107 l’abattement de tous, & les délices

82 467 1054 109 d’un ſeul; ce lieu où, malgré le

82 564 1052 107 ſilence, les ſoupirs de l’amour ſont

85 657 1044 111 à peine entendus; ce lieu, où regne

77 747 1057 109 la triſteſſe & la magnificence, où

80 846 1049 100 tout ce qui eſt inanimé eſt riant, &

77 936 1049 103 tout ce qui a de la vie eſt ſombre,

75 1024 1051 107 où tout ſe meut avec le maître, &

75 1121 771 100 tout s’engourdit avec lui.

163 1209 963 109 Je fus préſenté le même jour à

70 1301 1051 107 Ia princeſſe; elle pouvoit m’accabler

70 1391 1051 120 de ſes regards, & il ne me fut pas

80 1491 1041 95 permis de lever les miens. Etrange

70 1576 1056 117 effet de la grandeur ! Si ſes yeux

75 1671 1042 112 pouvoient parler, les miens ne pou¬

70 1764 1047 102 voient répondre. Deux eunuques

70 1859 1047 109 avoient un poignard à la main, prêts

70 1944 1049 117 à expier dans mon ſang l’affront de

70 2039 355 119 la regarder.

172 2131 945 136 Quel état pour un cœur comme
