1605 2927
456 212 95 80 10

736 195 476 85 ARSACE

441 300 1063 97 rang que par mon amour. Elle avoit

446 387 1051 110 une fierté mêlée de quelque choſe

441 487 1061 91 de ſi tendre, ſes ſentiments étoient

448 573 1049 97 ſi nobles, ſi différents de ceux qu’une

446 665 1051 113 complaiſance éternelle met dans le

448 765 1054 105 cœur des femmes d’Aſie; elle avoit

446 851 1054 112 d’ailleurs tant de beauté, que mes

443 946 1057 110 yeux ne virent qu’elle, & mon cœur

456 1053 505 108 ignora les autres.

543 1124 957 122 Sa phyſionomie étoit raviſſante,

451 1222 1053 119 ſa taille, ſon air, ſes graces, le ſon

453 1314 1047 110 de ſa voix, le charme de ſes diſcours,

453 1400 1051 119 tout m’enchantoit. Je voulois tou¬

453 1495 1051 122 jours l’entendre; je ne me laſſois

456 1592 1053 117 jamais de la voir. Il n’y avoit rien

456 1683 1048 117 pour moi de ſi parfait dans la nature;

453 1778 1056 112 mon imagination ne pouvoit me

463 1870 1041 120 dire que ce que je trouvois en elle;

463 1961 1046 124 & quand je penſois au bonheur dont

461 2056 1043 131 les humains peuvent être capables,

468 2153 805 188 je voyois toujours le mien.
