1617 2912
434 296 56 70 iv

526 225 855 141 AVIS DE L'ÉDITEUR.

502 364 962 101 Au reſte, pluſieurs hommes peu¬

429 453 1044 117 vent être ou Deſpotes, ou Rois dans

432 546 1041 111 leur famille, dans leur ſociété, dans

422 652 1054 107 Ieurs emplois divers: nous pouvons

439 740 1042 111 tous faire notre profit de l’Eſprit des

437 842 815 97 Loix & de cet Ouvrage-ci.

512 929 973 104 L'Auteur voyoit l’empire que les

434 1021 1047 107 Dames ont aujourd’hui ſur les pen¬

439 1113 1044 107 ſées des hommes : pour s’aſſurer les

434 1201 1056 121 Diſciples, il a cherché à ſe rendre

441 1295 1049 100 les Maîtres favorables; il a parlé la

446 1383 1044 116 langue qui leur eſt la plus familiere

449 1475 1044 119 & la plus agréable : il a fait un Ro¬

449 1570 1049 118 man; il y a peint l’amour tel qu’il

454 1662 1048 131 le ſentoit, impétueux, rarement

451 1756 719 139 ſombre, ſouvent badin.
