1599 2923
309 182 624 100 ET ISMÉNIE.

1048 216 90 73 11

158 277 985 124 Ma naiſfance, mes richeſſes, mon

87 379 1051 120 âge, & quelques avantages perſon¬

82 474 1056 103 nels déterminerent le Roi à me don¬

85 572 1050 110 ner ſa fille. C’eſt une coutume in¬

87 662 1051 105 violable des Medes, que ceux qui

80 755 1046 114 reçoivent un pareil honneur ren¬

82 842 1056 117 voient toutes leurs femmes. Je ne

80 945 1051 107 vis dans cette grande alliance que

75 1032 1058 117 la perte de ce que j’avois dans le

75 1122 1053 115 monde de plus cher; mais il me

75 1215 1060 114 fallut dévorer mes larmes, & mon¬

73 1303 1058 119 trer de la gaieté. Pendant que toute

73 1398 1050 117 la cour me félicitoit d’une faveur

75 1493 1048 119 dont elle eſt toujours enivrée, Ar¬

73 1580 1038 129 daſire ne demandoit point à me voir,

73 1670 1053 134 & moi je craignois ſa préſence, &

73 1765 1045 127 je la cherchois. J’allai dans ſon ap¬

78 1863 1031 127 partement; j’étois déſolé. Ardaſire,

68 1951 1043 136 lui dis-je, je vous perds.... Mais,

70 2046 1051 126 ſans me faire ni careſſes ni repro¬

65 2145 1056 127 ches, ſans lever les yeux, ſans verſer

743 2258 129 102 A vj
