1575 2927
420 204 83 103 18

676 214 483 98 ARSACE.

402 317 1048 97 ma penſée. Je croyois poſſéder Ar¬

398 409 1054 100 daſire, & il me ſembloit que je ne

405 504 1047 105 pouvois plus la perdre. Etrange effet

407 600 1043 107 de l’amour ! Mon cœur s’échauffoit,

412 690 967 107 & mon ame devenoit tranquille.

500 775 952 120 Les paroles d’Ardaſire me rappel¬

410 870 1045 112 lerent à moi-même. Arſace, me

410 968 1045 110 dit-elle, quittons ces lieux infor¬

417 1061 1038 95 tunés; fuyons. Que craignons-nous ?

412 1156 1053 97 nous ſavons aimer & mourir....

415 1243 1050 108 Ardaſire, lui dis-je, je jure que vous

417 1334 1050 100 ſerez toujours à moi; vous y ſerez

410 1422 1060 114 comme ſi vous ne ſortiez jamais de

417 1519 1050 100 ces bras : je ne me ſéparerai jamais

417 1607 1048 117 de vous. J’atteſte les dieux que vous

417 1697 1048 105 ſeule ferez le bonheur de ma vie....

429 1800 1041 95 Vous me propoſez un généreux

420 1892 1045 93 deſſein : l’amour me l’avoit inſpiré :

424 1990 1043 100 il me l’inſpire encore par vous; vous

424 2078 779 114 allez voir ſi je vous aime.

500 2161 965 168 Je la quittai, & plein d'impatience
