1569 2930
408 205 97 90 14

674 188 479 95 ARSACE

391 293 1063 95 le mien d’aller porter dans mon lit

393 393 1066 105 I’eſclavage de la cour, ſuſpendu

393 481 1058 102 entre les caprices & les dédains ſu¬

395 571 1056 117 perbes, de ne ſentir plus que le reſ¬

393 666 1066 110 pect, & de perdre pour jamais ce

398 756 1058 113 qui peut faire la conſolation de la

395 852 1061 97 ſervitude même, la douceur d’aimer

400 952 482 95 & d’être aimé !

488 1037 961 105 Mais quelle fut ma ſituation,

398 1128 1061 112 lorſqu’un eunuque de la princeſſe

408 1225 1051 103 vint me faire ſigner l’ordre de faire

400 1320 1056 96 ſortir de mon palais toutes mes

395 1406 1068 102 femmes. Signez, me dit-il, ſentez

398 1504 1056 100 Ia douceur de ce commandement :

405 1601 1054 95 je rendrai compte à la princeſſe de

403 1682 1053 102 votre promptitude à obéir. Mon

408 1775 1046 105 viſage ſe couvrit de larmes; j’avois

413 1872 1038 95 commencé d’écrire, & je m’arrêtai.

410 1958 1049 112 De grace, dis-je à l’eunuque, atten¬

403 2060 1043 93 dez; je me meurs....... Seigneur,

408 2146 1043 158 me dit-il, il y va de votre tête &
