1608 2905
290 210 603 92 ET ISMÉNIE.

1036 220 70 99 17

60 307 1061 109 duit tant de fois. Je marchois dans

62 401 1059 117 les ténebres, ſeul, triſte, penſif,

62 498 1059 107 quand tout-à-coup un flambeau fut

58 588 1070 111 découvert. Ardaſire, un poignard à

60 682 1058 107 la main, parut devant moi. Arſace,

58 769 1060 114 dit-elle, allez dire à votre nouvelle

60 866 1063 112 épouſe que je meurs ici; dites-lui

60 963 1063 104 que j’ai diſputé votre cœur juſqu’au

55 1053 1061 116 dernier ſoupir. Elle alloit ſe frapper;

58 1149 1058 100 j’arrêtai ſa main. Ardaſire, m’écriai-

55 1241 1071 100 je, quel affreux ſpectacle veux-tu

53 1333 1060 100 me donner !.... & lui ouvrant mes

55 1423 1061 106 bras : commence par frapper celui

53 1520 1060 97 qui a cédé le premier à une loi

50 1605 1063 113 barbare. Je la vis pâlir, & le poignard

50 1699 1054 102 Iui tomba des mains. Je l’embraſſai,

50 1788 1059 114 & je ne ſais par quel charme, mon

53 1883 1056 109 ame ſembla ſe calmer. Je tenois ce

50 1985 1059 96 cher objet; je me livrai tout entier

53 2067 1056 116 au plaiſir d'aimer. Tout, juſqu’à

36 2156 1065 129 I’idée de mon malheur, fuyoit de
