1584 2929
320 207 589 110 ET ISMÉNIE.

1087 241 49 103 3

85 302 1056 137 des eunuques, des femmes; & il

85 405 1051 124 menoit avec lui une formidable ar¬

83 490 1051 127 mée. Il écrivoit à la Reine les lettres

83 588 1051 132 du monde les plus tendres; & d’un

80 683 1046 134 autre côté, il ravageoit tout le pays :

83 773 1039 125 un jour étoit employé à des feſtins,

73 871 1056 127 un autre à des expéditions militai¬

75 961 1051 137 res. Jamais on n’a vu une ſi parfaite

70 1056 1052 135 image de la guerre & de la paix,

73 1152 1053 126 & jamais il n’y eut tant de diſſolu¬

68 1244 1058 127 tion & tant de diſcipline. Un vil¬

56 1330 1058 139 lage fuyoit la cruauté du vainqueur;

66 1432 1051 125 un autre étoit dans la joie, les danſes

63 1513 1049 132 & les feſtins; &, par un étrange

68 1608 1046 132 caprice, il cherchoit deux choſes

61 1693 1039 142 incompatibles, de ſe faire craindre,

66 1796 1048 132 & de ſe faire aimer. Il ne fut ni

63 1894 1049 119 craint ni aimé. On oppoſa une armée

61 1981 1053 125 à la ſienne; & une ſeule bataille

61 2072 1053 132 finit la guerre. Un ſoldat nouvelle¬

66 2172 1046 144 ment arrivé dans l’armée des Bac¬

748 2284 122 95 A ij
