<?xml version="1.0" encoding="UTF-8"?>
<alto xmlns:xsi="http://www.w3.org/2001/XMLSchema-instance"
      xmlns="http://www.loc.gov/standards/alto/ns-v4#"
      xsi:schemaLocation="http://www.loc.gov/standards/alto/ns-v4# http://www.loc.gov/standards/alto/v4/alto-4-2.xsd">
  <Description>
    <MeasurementUnit>pixel</MeasurementUnit>
    <sourceImageInformation>
      <fileName>bpt6k6495917k_f21.tif.jpeg</fileName>
      
    </sourceImageInformation>
  </Description>
  
  <Tags>
    <OtherTag ID="BT2772" LABEL="MainZone#2" DESCRIPTION="block type MainZone#2"/><OtherTag ID="BT2771" LABEL="MainZone#1" DESCRIPTION="block type MainZone#1"/><OtherTag ID="BT2770" LABEL="TitlePageZone" DESCRIPTION="block type TitlePageZone"/><OtherTag ID="BT2769" LABEL="TableZone" DESCRIPTION="block type TableZone"/><OtherTag ID="BT2768" LABEL="StampZone" DESCRIPTION="block type StampZone"/><OtherTag ID="BT2767" LABEL="SealZone" DESCRIPTION="block type SealZone"/><OtherTag ID="BT2766" LABEL="RunningTitleZone" DESCRIPTION="block type RunningTitleZone"/><OtherTag ID="BT2765" LABEL="QuireMarksZone" DESCRIPTION="block type QuireMarksZone"/><OtherTag ID="BT2764" LABEL="NumberingZone" DESCRIPTION="block type NumberingZone"/><OtherTag ID="BT2763" LABEL="MarginTextZone" DESCRIPTION="block type MarginTextZone"/><OtherTag ID="BT2762" LABEL="MainZone" DESCRIPTION="block type MainZone"/><OtherTag ID="BT2761" LABEL="GraphicZone" DESCRIPTION="block type GraphicZone"/><OtherTag ID="BT2760" LABEL="DropCapitalZone" DESCRIPTION="block type DropCapitalZone"/><OtherTag ID="BT2759" LABEL="DamageZone" DESCRIPTION="block type DamageZone"/>
    <OtherTag ID="LT983" LABEL="InterlinearLine" DESCRIPTION="line type InterlinearLine"/><OtherTag ID="LT982" LABEL="HeadingLine" DESCRIPTION="line type HeadingLine"/><OtherTag ID="LT981" LABEL="DropCapitalLine" DESCRIPTION="line type DropCapitalLine"/><OtherTag ID="LT980" LABEL="DefaultLine" DESCRIPTION="line type DefaultLine"/>
  </Tags>
  
  <Layout>
    <Page WIDTH="1590"
          HEIGHT="2920"
          PHYSICAL_IMG_NR="7"
          ID="eSc_dummypage_">
      <PrintSpace HPOS="0"
                  VPOS="0"
                  WIDTH="1590"
                  HEIGHT="2920">
        
        <TextBlock HPOS="304"
                   VPOS="211"
                   WIDTH="614"
                   HEIGHT="95"
                   ID="eSc_textblock_66a7d4dd"
                   TAGREFS="BT2766">
          <Shape><Polygon POINTS="307 221 304 306 918 303 911 211"/></Shape>
          
          
          <TextLine ID="eSc_line_66a99379"
                    TAGREFS="LT982"
                    BASELINE="307 292 913 289" 
                    HPOS="304"
                    VPOS="217"
                    WIDTH="606"
                    HEIGHT="81">
            <Shape><Polygon POINTS="306 292 318 220 909 217 910 287 906 298 304 296"/></Shape>
	    <String CONTENT="ET ISMÉNIE."
                    HPOS="304"
                    VPOS="217"
                    WIDTH="606"
                    HEIGHT="81"></String>
          </TextLine>

          
        </TextBlock>
        
        <TextBlock HPOS="1086"
                   VPOS="249"
                   WIDTH="59"
                   HEIGHT="69"
                   ID="eSc_textblock_5ce1ced8"
                   TAGREFS="BT2764">
          <Shape><Polygon POINTS="1086 249 1086 318 1145 318 1145 249"/></Shape>
          
          
          <TextLine ID="eSc_line_3c3163dc"
                    TAGREFS="LT980"
                    BASELINE="1091 302 1137 301" 
                    HPOS="1090"
                    VPOS="251"
                    WIDTH="49"
                    HEIGHT="65">
            <Shape><Polygon POINTS="1090 301 1090 251 1130 256 1139 283 1134 311 1090 316"/></Shape>
	    <String CONTENT="7"
                    HPOS="1090"
                    VPOS="251"
                    WIDTH="49"
                    HEIGHT="65"></String>
          </TextLine>

          
        </TextBlock>
        
        <TextBlock HPOS="54"
                   VPOS="329"
                   WIDTH="1095"
                   HEIGHT="1951"
                   ID="eSc_textblock_d909d143"
                   TAGREFS="BT2762">
          <Shape><Polygon POINTS="62 329 54 2276 562 2278 615 2265 1130 2280 1149 344"/></Shape>
          
          
          <TextLine ID="eSc_line_9d3eb175"
                    TAGREFS="LT980"
                    BASELINE="85 394 1134 399" 
                    HPOS="80"
                    VPOS="313"
                    WIDTH="1054"
                    HEIGHT="105">
            <Shape><Polygon POINTS="85 394 80 330 112 313 112 313 112 313 114 313 114 313 114 313 116 313 116 313 119 313 119 313 165 330 170 330 172 330 219 318 221 318 221 318 224 318 465 328 516 330 518 328 547 313 547 313 547 313 550 313 550 313 550 313 552 313 552 313 555 313 555 313 596 328 608 333 616 328 635 316 637 316 637 316 640 316 640 316 640 316 642 316 642 316 642 316 696 328 718 333 749 328 796 321 796 321 798 321 798 321 798 321 801 321 827 328 842 333 847 328 859 318 859 316 859 316 861 316 861 316 861 316 864 316 864 316 866 316 1132 328 1134 399 1132 418 82 418"/></Shape>
	    <String CONTENT="ſes eſpérances de faire le bien; &amp;"
                    HPOS="80"
                    VPOS="313"
                    WIDTH="1054"
                    HEIGHT="105"></String>
          </TextLine>

          
          
          <TextLine ID="eSc_line_7d4ba69e"
                    TAGREFS="LT980"
                    BASELINE="90 486 1134 491" 
                    HPOS="85"
                    VPOS="406"
                    WIDTH="1049"
                    HEIGHT="104">
            <Shape><Polygon POINTS="90 486 85 425 143 406 146 406 146 406 146 406 148 406 148 406 253 423 280 406 282 406 282 406 282 406 284 406 284 406 287 406 360 406 360 406 360 406 362 406 362 406 362 406 365 406 365 406 365 408 384 425 384 428 452 428 452 425 508 406 508 406 511 406 511 406 513 406 513 406 513 406 516 406 577 425 603 406 606 406 606 406 606 406 608 406 608 406 608 406 611 406 611 406 728 428 735 428 740 428 788 411 791 411 791 411 791 411 793 411 793 411 793 411 796 411 837 423 874 411 874 411 876 411 876 411 879 411 879 411 879 411 881 411 881 411 881 411 913 428 932 411 932 408 935 408 935 408 935 408 937 408 937 408 939 408 1000 408 1000 408 1000 408 1003 408 1003 408 1003 408 1005 408 1005 408 1005 411 1025 428 1025 430 1132 430 1134 491 1132 506 87 510"/></Shape>
	    <String CONTENT="puiſqu’elle ne peut être heureuſe....."
                    HPOS="85"
                    VPOS="406"
                    WIDTH="1049"
                    HEIGHT="104"></String>
          </TextLine>

          
          
          <TextLine ID="eSc_line_f0da88fa"
                    TAGREFS="LT980"
                    BASELINE="87 586 1137 579" 
                    HPOS="77"
                    VPOS="501"
                    WIDTH="1060"
                    HEIGHT="112">
            <Shape><Polygon POINTS="87 586 77 523 97 506 97 506 99 506 99 506 99 506 102 506 102 506 104 506 182 506 182 506 182 506 185 506 185 506 185 506 187 506 187 506 206 523 209 525 275 525 277 523 309 506 309 506 309 506 311 506 311 506 311 506 314 506 314 506 316 506 316 506 362 523 362 523 365 523 379 508 379 506 379 506 382 506 382 506 382 506 384 506 384 506 430 503 433 503 433 503 435 503 435 503 484 520 484 523 547 523 550 520 581 503 581 503 581 503 584 503 584 503 584 503 586 503 586 503 693 520 703 520 708 520 747 503 747 503 749 503 749 503 749 503 752 503 752 503 754 503 754 503 754 503 757 503 779 518 781 520 784 518 827 501 827 501 830 501 830 501 830 501 832 501 832 501 835 501 835 501 835 501 871 518 871 518 871 518 932 503 935 503 935 503 937 503 937 503 937 503 939 503 939 503 942 503 966 518 969 518 1129 518 1137 579 1137 603 927 610 925 610 925 610 922 610 922 610 922 610 920 610 920 610 920 608 915 605 908 598 886 605 869 610 866 610 866 610 866 610 864 610 864 610 861 610 842 605 796 593 757 605 737 613 735 613 735 613 735 613 732 613 732 613 684 605 611 596 547 608 511 613 511 613 508 613 508 613 508 613 506 613 506 613 491 608 465 596 87 608"/></Shape>
	    <String CONTENT="(dit-elle d’une voix que les ſangots"
                    HPOS="77"
                    VPOS="501"
                    WIDTH="1060"
                    HEIGHT="112"></String>
          </TextLine>

          
          
          <TextLine ID="eSc_line_fcae76de"
                    TAGREFS="LT980"
                    BASELINE="90 674 1127 674" 
                    HPOS="90"
                    VPOS="608"
                    WIDTH="1037"
                    HEIGHT="95">
            <Shape><Polygon POINTS="90 674 90 608 1127 610 1127 674 1127 693 625 703 623 703 623 703 620 703 620 703 620 703 618 703 618 703 618 703 616 698 603 688 574 700 562 703 560 703 560 703 560 703 557 703 557 703 533 700 460 688 146 688 92 703"/></Shape>
	    <String CONTENT="parurent arrêter,) faites du moins"
                    HPOS="90"
                    VPOS="608"
                    WIDTH="1037"
                    HEIGHT="95"></String>
          </TextLine>

          
          
          <TextLine ID="eSc_line_542976f4"
                    TAGREFS="LT980"
                    BASELINE="87 768 754 768" 
                    HPOS="80"
                    VPOS="691"
                    WIDTH="674"
                    HEIGHT="104">
            <Shape><Polygon POINTS="87 768 87 700 192 708 214 700 248 691 250 691 250 691 250 691 253 691 253 691 255 691 299 703 318 708 328 703 350 691 350 691 350 691 353 691 353 691 355 691 421 691 421 691 421 691 423 691 423 691 423 691 452 705 460 708 482 705 560 693 560 693 562 693 562 693 562 693 564 693 611 708 613 708 616 708 657 691 657 691 659 691 659 691 662 691 662 691 662 691 754 710 754 768 754 781 109 795 107 795 107 795 104 795 104 795 104 795 102 795 80 781"/></Shape>
	    <String CONTENT="que ſon peuple le ſoit."
                    HPOS="80"
                    VPOS="691"
                    WIDTH="674"
                    HEIGHT="104"></String>
          </TextLine>

          
          
          <TextLine ID="eSc_line_8c269654"
                    TAGREFS="LT980"
                    BASELINE="177 856 1132 861" 
                    HPOS="175"
                    VPOS="773"
                    WIDTH="957"
                    HEIGHT="110">
            <Shape><Polygon POINTS="177 856 180 773 248 790 318 776 321 776 321 776 321 776 323 776 340 776 586 790 606 781 618 776 618 776 618 776 620 776 620 776 623 776 623 776 623 776 625 776 625 776 625 776 637 781 659 795 861 795 876 785 893 778 893 778 893 778 896 778 896 778 896 778 898 778 898 778 900 778 900 778 927 788 942 793 952 788 969 781 969 781 969 781 971 781 971 781 973 781 973 781 973 781 976 781 976 781 978 781 991 788 1000 793 1127 793 1132 861 1129 883 175 883"/></Shape>
	    <String CONTENT="Les prêtres finirent les cérémo¬"
                    HPOS="175"
                    VPOS="773"
                    WIDTH="957"
                    HEIGHT="110"></String>
          </TextLine>

          
          
          <TextLine ID="eSc_line_26dbf982"
                    TAGREFS="LT980"
                    BASELINE="80 953 1124 953" 
                    HPOS="77"
                    VPOS="875"
                    WIDTH="1047"
                    HEIGHT="100">
            <Shape><Polygon POINTS="80 953 80 895 146 895 148 893 170 875 170 875 172 875 172 875 175 875 175 875 175 875 177 875 177 875 177 875 180 875 180 875 219 893 221 893 336 893 336 893 357 875 360 875 360 875 360 875 362 875 362 875 365 875 455 875 455 875 455 875 457 875 457 875 457 875 460 875 482 890 486 893 504 890 581 875 581 875 581 875 584 875 584 875 586 875 586 875 586 875 613 888 623 895 691 895 698 888 710 878 710 875 713 875 713 875 713 875 715 875 715 875 718 875 776 875 776 875 776 875 779 875 779 875 779 875 781 875 781 875 781 878 791 888 798 893 859 893 864 888 874 878 874 875 874 875 876 875 876 875 876 875 879 875 879 875 879 875 881 875 881 875 883 875 922 885 952 893 981 885 1025 875 1025 875 1025 875 1027 875 1027 875 1029 875 1029 875 1054 885 1071 890 1122 885 1124 953 1122 975 77 968"/></Shape>
	    <String CONTENT="nies preſcrites pour le culte des"
                    HPOS="77"
                    VPOS="875"
                    WIDTH="1047"
                    HEIGHT="100"></String>
          </TextLine>

          
          
          <TextLine ID="eSc_line_a83ea80a"
                    TAGREFS="LT980"
                    BASELINE="80 1041 1120 1051" 
                    HPOS="75"
                    VPOS="963"
                    WIDTH="1045"
                    HEIGHT="110">
            <Shape><Polygon POINTS="80 1041 80 970 143 978 160 970 172 963 172 963 172 963 175 963 175 963 175 963 177 963 177 963 180 963 180 963 180 963 182 963 182 963 189 970 204 983 280 983 301 970 311 966 311 966 311 966 314 966 314 966 316 966 316 966 316 966 318 966 318 966 328 970 360 983 409 970 426 966 428 966 428 966 430 966 430 966 430 966 433 966 433 966 433 966 435 966 440 970 457 980 469 970 469 970 469 968 469 968 472 968 472 968 472 968 474 968 474 968 474 968 594 966 596 966 596 966 598 966 598 966 611 970 652 987 776 987 798 970 801 968 801 968 803 968 803 968 805 968 805 968 805 968 808 968 808 968 810 968 810 968 818 970 866 987 1037 970 1051 970 1051 970 1054 970 1054 970 1056 970 1056 970 1059 970 1090 985 1110 970 1120 1051 1115 1073 596 1058 457 1060 148 1065 146 1065 146 1065 75 1051"/></Shape>
	    <String CONTENT="Dieux; la Reine ſortit du temple,"
                    HPOS="75"
                    VPOS="963"
                    WIDTH="1045"
                    HEIGHT="110"></String>
          </TextLine>

          
          
          <TextLine ID="eSc_line_1cf5c506"
                    TAGREFS="LT980"
                    BASELINE="80 1133 1122 1141" 
                    HPOS="73"
                    VPOS="1058"
                    WIDTH="1049"
                    HEIGHT="102">
            <Shape><Polygon POINTS="80 1133 77 1073 138 1063 138 1063 141 1063 141 1063 141 1063 202 1073 228 1077 238 1073 275 1058 275 1058 277 1058 277 1058 280 1058 418 1058 418 1058 418 1058 421 1058 421 1058 421 1058 423 1058 423 1058 423 1060 423 1060 438 1075 440 1080 448 1075 479 1060 479 1060 479 1060 482 1060 482 1060 484 1060 484 1060 484 1060 486 1060 535 1075 620 1065 620 1065 623 1065 623 1065 623 1065 625 1065 625 1065 628 1065 628 1065 628 1065 642 1077 645 1082 769 1082 774 1080 857 1063 857 1063 857 1063 859 1063 859 1063 861 1063 861 1063 861 1063 903 1082 905 1085 1025 1085 1027 1082 1059 1063 1061 1063 1061 1063 1064 1063 1064 1063 1064 1063 1066 1063 1066 1063 1068 1063 1068 1063 1122 1085 1122 1141 1120 1155 112 1160 109 1160 109 1160 107 1160 107 1160 73 1146"/></Shape>
	    <String CONTENT="remonta ſur ſon char, &amp; le peuple"
                    HPOS="73"
                    VPOS="1058"
                    WIDTH="1049"
                    HEIGHT="102"></String>
          </TextLine>

          
          
          <TextLine ID="eSc_line_33a07c97"
                    TAGREFS="LT980"
                    BASELINE="77 1228 793 1233" 
                    HPOS="73"
                    VPOS="1158"
                    WIDTH="720"
                    HEIGHT="92">
            <Shape><Polygon POINTS="77 1228 75 1170 433 1158 435 1158 435 1158 435 1158 438 1158 438 1158 440 1158 440 1158 440 1158 455 1172 455 1172 457 1172 489 1160 489 1160 491 1160 491 1160 494 1160 791 1175 793 1233 788 1250 73 1241"/></Shape>
	    <String CONTENT="Ia ſuivit juſqu’au palais."
                    HPOS="73"
                    VPOS="1158"
                    WIDTH="720"
                    HEIGHT="92"></String>
          </TextLine>

          
          
          <TextLine ID="eSc_line_51f6c270"
                    TAGREFS="LT980"
                    BASELINE="170 1326 1124 1318" 
                    HPOS="168"
                    VPOS="1253"
                    WIDTH="956"
                    HEIGHT="97">
            <Shape><Polygon POINTS="170 1326 168 1253 1120 1255 1124 1318 1124 1343 978 1345 976 1345 976 1345 973 1345 973 1345 973 1345 971 1345 971 1345 971 1345 954 1333 842 1345 805 1348 805 1348 803 1348 803 1348 801 1348 801 1348 791 1345 764 1335 730 1345 720 1348 718 1348 718 1348 718 1350 552 1350 550 1348 550 1348 547 1348 547 1348 547 1348 545 1348 545 1348 542 1345 528 1335 170 1345"/></Shape>
	    <String CONTENT="Quelques moments après, Aſpar"
                    HPOS="168"
                    VPOS="1253"
                    WIDTH="956"
                    HEIGHT="97"></String>
          </TextLine>

          
          
          <TextLine ID="eSc_line_40fa7018"
                    TAGREFS="LT980"
                    BASELINE="75 1408 1120 1413" 
                    HPOS="70"
                    VPOS="1338"
                    WIDTH="1050"
                    HEIGHT="97">
            <Shape><Polygon POINTS="75 1408 75 1355 245 1355 253 1355 316 1340 316 1340 316 1340 318 1340 318 1340 318 1340 321 1340 365 1355 367 1355 367 1355 433 1338 435 1338 435 1338 438 1338 438 1338 438 1338 440 1338 440 1338 440 1338 443 1338 443 1338 443 1340 460 1355 460 1357 506 1357 508 1355 581 1338 581 1338 581 1338 584 1338 584 1338 584 1338 586 1338 586 1338 589 1338 589 1338 589 1340 606 1355 635 1340 635 1340 635 1340 637 1340 637 1340 640 1340 640 1340 640 1340 715 1357 720 1357 725 1357 766 1340 766 1340 769 1340 769 1340 771 1340 1005 1340 1005 1340 1005 1340 1117 1360 1120 1413 1115 1435 70 1421"/></Shape>
	    <String CONTENT="rentra chez lui; il cherchoit l’étran¬"
                    HPOS="70"
                    VPOS="1338"
                    WIDTH="1050"
                    HEIGHT="97"></String>
          </TextLine>

          
          
          <TextLine ID="eSc_line_1b6b0845"
                    TAGREFS="LT980"
                    BASELINE="87 1513 1120 1506" 
                    HPOS="75"
                    VPOS="1428"
                    WIDTH="1045"
                    HEIGHT="107">
            <Shape><Polygon POINTS="87 1513 75 1452 87 1435 87 1435 90 1435 90 1433 90 1433 92 1433 92 1433 92 1433 94 1433 94 1433 97 1433 150 1433 150 1433 150 1433 153 1433 153 1433 155 1433 155 1433 177 1450 209 1433 209 1433 209 1433 211 1433 211 1433 214 1433 357 1433 357 1433 357 1433 360 1433 360 1433 360 1433 362 1433 389 1450 423 1430 423 1430 423 1430 426 1430 426 1430 426 1430 428 1430 428 1430 430 1430 430 1430 430 1430 433 1430 433 1430 455 1450 474 1450 511 1450 511 1447 535 1430 535 1430 538 1430 538 1430 540 1430 540 1430 542 1430 589 1430 589 1430 589 1430 591 1430 591 1430 591 1430 594 1430 594 1430 594 1433 608 1445 630 1430 633 1430 633 1430 633 1430 635 1430 635 1430 637 1430 637 1430 637 1430 640 1430 640 1430 640 1430 669 1447 672 1447 679 1447 730 1435 730 1435 730 1435 732 1435 732 1435 735 1435 735 1435 735 1435 737 1435 752 1445 754 1447 759 1445 793 1435 796 1435 796 1435 796 1435 798 1435 798 1435 879 1445 888 1445 891 1445 913 1428 913 1428 915 1428 915 1428 917 1428 917 1428 920 1428 973 1428 973 1428 973 1428 976 1428 976 1428 976 1428 978 1428 978 1428 995 1442 1000 1445 1012 1442 1083 1430 1083 1430 1085 1430 1085 1430 1085 1430 1088 1430 1088 1430 1117 1442 1120 1506 1115 1528 801 1518 625 1530 623 1530 146 1523 87 1535"/></Shape>
	    <String CONTENT="ger, &amp; il le trouva dans une affreuſe"
                    HPOS="75"
                    VPOS="1428"
                    WIDTH="1045"
                    HEIGHT="107"></String>
          </TextLine>

          
          
          <TextLine ID="eSc_line_c1308c6a"
                    TAGREFS="LT980"
                    BASELINE="75 1596 1122 1603" 
                    HPOS="70"
                    VPOS="1518"
                    WIDTH="1052"
                    HEIGHT="105">
            <Shape><Polygon POINTS="75 1596 75 1537 150 1537 155 1535 172 1520 172 1520 175 1520 175 1520 175 1520 177 1520 177 1520 180 1520 180 1520 180 1520 182 1520 182 1520 182 1520 185 1520 206 1535 206 1535 206 1535 226 1520 226 1518 228 1518 228 1518 228 1518 231 1518 231 1518 233 1518 280 1518 280 1518 280 1518 282 1518 282 1518 282 1518 284 1518 284 1520 301 1532 316 1520 316 1518 316 1518 318 1518 318 1518 318 1518 321 1518 321 1518 323 1518 460 1520 460 1520 460 1520 462 1520 462 1520 465 1520 465 1520 465 1523 479 1535 484 1537 491 1535 511 1520 513 1520 513 1520 513 1520 516 1520 516 1520 516 1520 518 1520 518 1520 521 1520 521 1520 521 1520 550 1535 562 1542 708 1542 715 1532 728 1523 728 1520 728 1520 730 1520 730 1520 730 1520 732 1520 732 1520 735 1520 735 1520 735 1520 737 1520 737 1520 766 1532 779 1537 796 1532 835 1523 837 1523 837 1523 840 1523 840 1523 840 1523 842 1523 842 1523 842 1523 844 1523 844 1523 854 1532 869 1542 1120 1532 1122 1603 1117 1623 70 1605"/></Shape>
	    <String CONTENT="triſteſſe. Il s’aſſit auprès de lui, &amp;"
                    HPOS="70"
                    VPOS="1518"
                    WIDTH="1052"
                    HEIGHT="105"></String>
          </TextLine>

          
          
          <TextLine ID="eSc_line_cbbabe49"
                    TAGREFS="LT980"
                    BASELINE="75 1688 1120 1693" 
                    HPOS="68"
                    VPOS="1615"
                    WIDTH="1052"
                    HEIGHT="105">
            <Shape><Polygon POINTS="75 1688 73 1632 323 1615 326 1615 326 1615 328 1615 328 1615 360 1627 374 1632 389 1627 413 1615 413 1615 416 1615 416 1615 418 1615 508 1615 508 1615 508 1615 557 1625 611 1637 718 1637 732 1623 732 1623 732 1620 732 1620 735 1620 735 1620 735 1620 737 1620 737 1620 740 1620 740 1620 740 1620 742 1620 742 1620 742 1620 745 1620 745 1623 766 1637 866 1637 900 1620 905 1618 905 1618 908 1618 908 1618 908 1618 910 1618 910 1618 925 1620 1020 1635 1037 1620 1037 1618 1037 1618 1039 1618 1039 1618 1039 1618 1039 1618 1042 1618 1042 1618 1044 1618 1117 1618 1120 1693 1117 1720 672 1720 669 1717 669 1717 620 1710 584 1705 452 1708 107 1715 104 1715 104 1715 102 1715 102 1715 68 1700"/></Shape>
	    <String CONTENT="ayant fait retirer tout le monde, il"
                    HPOS="68"
                    VPOS="1615"
                    WIDTH="1052"
                    HEIGHT="105"></String>
          </TextLine>

          
          
          <TextLine ID="eSc_line_e8f1282e"
                    TAGREFS="LT980"
                    BASELINE="75 1783 1120 1790" 
                    HPOS="70"
                    VPOS="1713"
                    WIDTH="1050"
                    HEIGHT="94">
            <Shape><Polygon POINTS="75 1783 75 1715 336 1727 377 1715 384 1713 387 1713 387 1713 387 1713 389 1713 389 1713 392 1713 392 1713 392 1713 394 1713 396 1715 416 1730 504 1732 623 1732 640 1715 640 1715 640 1715 640 1715 642 1715 642 1715 645 1715 645 1715 645 1715 647 1715 647 1715 647 1715 650 1715 652 1715 698 1730 757 1715 764 1715 764 1715 764 1715 766 1715 766 1715 766 1715 774 1715 840 1732 891 1717 893 1717 893 1717 893 1717 896 1717 896 1717 983 1732 1115 1717 1120 1790 1115 1807 70 1790"/></Shape>
	    <String CONTENT="lui dit : Je vous conjure de vous"
                    HPOS="70"
                    VPOS="1713"
                    WIDTH="1050"
                    HEIGHT="94"></String>
          </TextLine>

          
          
          <TextLine ID="eSc_line_28d4d29f"
                    TAGREFS="LT980"
                    BASELINE="75 1876 1115 1883" 
                    HPOS="70"
                    VPOS="1795"
                    WIDTH="1045"
                    HEIGHT="112">
            <Shape><Polygon POINTS="75 1876 75 1820 109 1820 112 1820 138 1795 138 1795 141 1795 141 1795 141 1795 143 1795 143 1795 146 1795 231 1795 231 1795 231 1795 233 1795 233 1795 233 1795 236 1795 236 1795 258 1812 277 1798 277 1795 280 1795 280 1795 280 1795 282 1795 282 1795 284 1795 377 1795 377 1795 377 1795 379 1795 379 1795 379 1795 426 1822 430 1824 513 1824 518 1822 552 1803 552 1803 552 1803 555 1803 555 1803 555 1803 557 1803 557 1803 557 1803 630 1820 652 1803 652 1800 652 1800 654 1800 654 1800 657 1800 657 1800 657 1800 659 1800 659 1800 659 1800 662 1800 662 1800 664 1800 664 1800 693 1822 759 1805 762 1805 762 1805 764 1805 764 1805 764 1805 766 1805 766 1805 769 1805 769 1805 769 1807 788 1824 791 1827 915 1827 920 1824 1015 1800 1017 1800 1017 1800 1020 1800 1020 1800 1020 1800 1022 1800 1022 1800 1025 1800 1025 1800 1025 1803 1051 1824 1051 1827 1112 1827 1115 1883 1112 1897 842 1907 840 1907 840 1907 837 1907 837 1907 837 1907 835 1907 835 1907 820 1895 818 1895 803 1895 642 1905 640 1905 640 1905 465 1893 440 1905 440 1905 440 1905 438 1905 438 1905 435 1905 435 1905 435 1905 433 1905 433 1905 433 1905 430 1905 430 1905 416 1893 355 1902 355 1902 353 1902 353 1902 250 1890 146 1902 146 1902 143 1902 143 1902 143 1902 70 1885"/></Shape>
	    <String CONTENT="ouvrir à moi. Croyez-vous qu&#39;un"
                    HPOS="70"
                    VPOS="1795"
                    WIDTH="1045"
                    HEIGHT="112"></String>
          </TextLine>

          
          
          <TextLine ID="eSc_line_6cbb1517"
                    TAGREFS="LT980"
                    BASELINE="73 1970 1117 1975" 
                    HPOS="70"
                    VPOS="1902"
                    WIDTH="1047"
                    HEIGHT="105">
            <Shape><Polygon POINTS="73 1970 70 1917 409 1902 411 1902 411 1902 413 1902 413 1902 413 1902 416 1902 438 1917 438 1917 440 1917 508 1905 508 1905 508 1905 511 1905 511 1905 594 1919 603 1919 606 1919 623 1905 623 1905 625 1905 625 1905 628 1905 628 1905 628 1905 630 1905 630 1905 633 1905 633 1905 633 1905 662 1919 664 1922 840 1922 840 1919 852 1910 852 1907 852 1907 854 1907 854 1907 854 1907 857 1907 857 1907 859 1907 859 1907 964 1917 993 1905 993 1905 995 1905 995 1905 995 1905 998 1905 998 1905 1000 1905 1000 1905 1000 1905 1003 1905 1003 1905 1003 1907 1017 1919 1017 1922 1115 1922 1117 1975 1115 2007 949 2007 947 2005 947 2005 944 2005 944 2005 942 2005 908 1990 891 2005 891 2005 891 2005 888 2005 888 2005 888 2005 886 2005 886 2005 886 2007 815 2007 813 2005 813 2005 810 2005 810 2005 805 2002 771 1990 725 2002 713 2005 710 2005 710 2005 708 2005 708 2005 708 2005 706 2005 706 2005 706 2005 703 2005 703 2005 703 2002 701 2002 686 1988 577 2000 557 2002 557 2002 555 2002 555 2002 555 2002 552 2002 545 2000 499 1985 345 1985 318 1997 311 2002 311 2002 311 2002 309 2002 309 2002 309 2002 306 2002 306 2002 304 2002 287 1997 238 1985 189 1997 165 2002 165 2002 165 2002 163 2002 163 2002 163 2002 160 2002 160 2002 160 2002 158 2002 150 1997 136 1988 70 1995"/></Shape>
	    <String CONTENT="cœur agité ne trouve point de dou¬"
                    HPOS="70"
                    VPOS="1902"
                    WIDTH="1047"
                    HEIGHT="105"></String>
          </TextLine>

          
          
          <TextLine ID="eSc_line_2c12291d"
                    TAGREFS="LT980"
                    BASELINE="77 2063 1117 2070" 
                    HPOS="75"
                    VPOS="1990"
                    WIDTH="1045"
                    HEIGHT="90">
            <Shape><Polygon POINTS="77 2063 77 1997 177 2009 224 2000 262 1990 262 1990 262 1990 265 1990 265 1990 265 1990 267 1990 267 1990 267 1990 270 1990 270 1990 280 2000 294 2012 365 2012 387 2002 418 1990 418 1990 421 1990 421 1990 423 1990 423 1990 423 1990 426 1990 472 2002 499 2012 508 2005 513 2000 513 1997 513 1997 516 1997 516 1997 516 1997 518 1997 518 1997 521 1997 521 1997 521 1997 523 1997 523 1997 540 2005 555 2009 572 2005 616 1992 618 1992 618 1992 620 1992 620 1992 620 1992 623 1992 623 1992 625 1992 647 2007 659 2014 869 2014 876 2009 896 1995 896 1995 898 1995 898 1995 900 1995 900 1995 900 1995 903 1995 903 1995 905 1995 905 1995 905 1995 939 2012 944 2014 949 2012 973 1995 976 1995 976 1995 976 1995 978 1995 978 1995 981 1995 981 1995 981 1995 983 1995 1039 2012 1083 1995 1083 1995 1085 1995 1085 1995 1088 1995 1088 1995 1088 1995 1090 1995 1090 1995 1093 1995 1093 1995 1120 2014 1117 2070 1115 2080 75 2080"/></Shape>
	    <String CONTENT="ceur à confier ſes peines ? C’eſt"
                    HPOS="75"
                    VPOS="1990"
                    WIDTH="1045"
                    HEIGHT="90"></String>
          </TextLine>

          
          
          <TextLine ID="eSc_line_28c057a0"
                    TAGREFS="LT980"
                    BASELINE="77 2153 1120 2160" 
                    HPOS="73"
                    VPOS="2082"
                    WIDTH="1047"
                    HEIGHT="105">
            <Shape><Polygon POINTS="77 2153 75 2097 413 2082 416 2082 416 2082 418 2082 418 2082 418 2082 421 2082 421 2082 421 2085 430 2092 433 2095 462 2092 560 2085 562 2085 562 2085 616 2092 679 2099 735 2090 771 2085 771 2085 774 2085 774 2085 774 2085 776 2085 793 2090 832 2102 871 2090 879 2087 881 2087 881 2087 881 2087 883 2087 915 2090 1085 2102 1115 2087 1120 2160 1117 2187 905 2187 903 2185 903 2185 900 2185 900 2185 891 2182 871 2172 749 2177 657 2182 654 2182 654 2182 654 2182 652 2182 652 2182 652 2182 650 2182 650 2182 642 2175 637 2170 623 2175 603 2182 603 2182 601 2182 601 2182 598 2182 348 2170 333 2170 328 2170 231 2180 231 2180 228 2180 73 2163"/></Shape>
	    <String CONTENT="comme ſi l’on ſe repoſoit dans un"
                    HPOS="73"
                    VPOS="2082"
                    WIDTH="1047"
                    HEIGHT="105"></String>
          </TextLine>

          
          
          <TextLine ID="eSc_line_f893d82e"
                    TAGREFS="LT980"
                    BASELINE="75 2248 1105 2260" 
                    HPOS="73"
                    VPOS="2168"
                    WIDTH="1034"
                    HEIGHT="124">
            <Shape><Polygon POINTS="75 2248 73 2177 114 2168 114 2168 114 2168 116 2168 116 2168 119 2168 119 2168 119 2168 141 2177 160 2190 258 2190 265 2180 272 2175 272 2172 272 2172 275 2172 275 2172 275 2172 277 2172 277 2172 277 2172 280 2172 280 2172 282 2172 316 2182 348 2192 465 2192 474 2185 499 2172 499 2172 499 2172 501 2172 501 2172 504 2172 504 2172 504 2172 506 2172 552 2187 569 2192 579 2187 611 2172 611 2172 611 2172 613 2172 613 2172 616 2172 616 2172 616 2172 618 2172 676 2190 691 2194 703 2190 740 2175 740 2175 742 2175 742 2175 742 2175 745 2175 745 2175 747 2175 747 2175 791 2192 796 2194 801 2192 835 2175 835 2175 835 2175 837 2175 837 2175 837 2175 840 2175 840 2175 842 2175 896 2187 1066 2177 1068 2177 1068 2177 1068 2177 1071 2177 1071 2177 1071 2177 1073 2177 1107 2199 1105 2260 1100 2292 898 2275 823 2289 818 2289 818 2289 818 2289 815 2289 815 2289 813 2289 810 2289 757 2275 560 2287 535 2287 533 2287 533 2287 533 2287 530 2287 530 2287 528 2287 484 2270 443 2284 443 2284 443 2284 440 2284 440 2284 440 2287 362 2287 360 2284 360 2284 357 2284 357 2284 357 2284 355 2284 355 2284 355 2284 338 2270 294 2280 294 2280 294 2280 292 2280 292 2280 289 2280 289 2280 289 2280 287 2280 287 2280 287 2277 277 2270 260 2282 258 2282 258 2282 258 2282 255 2282 255 2282 255 2282 255 2282 253 2282 253 2282 250 2282 250 2282 194 2267 73 2280"/></Shape>
	    <String CONTENT="lieu plus tranquille. Il faudroit,"
                    HPOS="73"
                    VPOS="2168"
                    WIDTH="1034"
                    HEIGHT="124"></String>
          </TextLine>

          
        </TextBlock>
        
        <TextBlock HPOS="735"
                   VPOS="2283"
                   WIDTH="163"
                   HEIGHT="84"
                   ID="eSc_textblock_8bce4936"
                   TAGREFS="BT2765">
          <Shape><Polygon POINTS="735 2287 735 2367 849 2367 888 2367 898 2283"/></Shape>
          
          
          <TextLine ID="eSc_line_108b15a8"
                    TAGREFS="LT980"
                    BASELINE="740 2345 883 2340" 
                    HPOS="730"
                    VPOS="2275"
                    WIDTH="153"
                    HEIGHT="92">
            <Shape><Polygon POINTS="740 2345 730 2297 757 2275 757 2275 759 2275 759 2275 759 2275 762 2275 762 2275 762 2275 764 2275 764 2275 874 2294 883 2340 883 2350 810 2367 810 2367 810 2367 808 2367 808 2367 737 2355"/></Shape>
	    <String CONTENT="A iv"
                    HPOS="730"
                    VPOS="2275"
                    WIDTH="153"
                    HEIGHT="92"></String>
          </TextLine>

          
        </TextBlock>
        

        
      </PrintSpace>
    </Page>
  </Layout>
</alto>
