1587 2920
136 379 891 112 AVIS DE L'ÉDITEUR.

73 542 1032 141 MONSIEUR de Monteſquieu

55 661 1047 117 avoit pris bien de la peine pour poſer

55 744 1054 127 des bornes entre le Deſpotiſme & la

48 841 1049 125 Monarchie tempérée, qui lui ſem¬

51 936 1049 122 bloit le Gouvernement naturel des

48 1024 1049 124 François; mais comme il eſt tou¬

51 1116 1046 122 jours fort dangereux que la Monar¬

46 1216 1054 98 chie ne tourne en Deſpotiſme, il

48 1299 1037 119 auroit voulu, s’il eût été poſſible,

38 1382 1057 126 rendre le Deſpotiſme même utile.

38 1472 1054 131 Dans cette vue il a tracé la peinture

38 1564 1054 141 la plus riante d'un Deſpote qui rend

38 1659 1050 124 ſes peuples heureux : il s'eſt peut-

36 1754 1054 129 être flatté qu’un jour, en liſant ſon

38 1859 1052 114 ouvrage, un Prince, une Reine, un

36 1941 1044 127 Miniſtre, deſireroient de reſſembler

34 2034 1049 121 à Arſace, à Iſménie ou à Aſpar, ou

36 2134 1039 126 d’être eux-mêmes les modeles d’une

41 2226 769 129 peinture encore plus belle.
