3456 4677
1037 947 105 124 8

1497 993 500 86 VOYAGE

1057 1099 1357 109 reil équipage, qui bien loin de plaîre aux

1057 1184 1353 106 Saints, me feroit paroitre à leurs yeux

1057 1266 1349 98 comme un nouveau Titan, qui venoit at¬

1053 1344 1349 105 taquer l'Olimpe, & troubler le repos des

1053 1426 1345 117 Dieux. Cependant quand je vins à pe¬

1053 1508 1349 109 ſer ſerieuſement les choſes, je jugeai que

1049 1594 1346 109 je me trouvois dans un monde ſouterrain,

1049 1675 1353 98 & que ceux qui croyent que la terre eſt

1053 1749 1342 106 concave, & qu’elle renferme ſous ſa ſur¬

1049 1831 1342 113 face un monde plus petit que le nótre,

1053 1917 1345 98 ne ſe trompent point. L’évènement fit

1053 1995 1334 94 voir que j’avois rencontré juſte. En ef¬

1045 2065 1350 109 fet je ſentois diminuer la violence de la

1045 2155 1350 97 ſecouſſe qui me portoit en bas, à meſure

1045 2229 1346 105 que j’approchois d'une Planète, ou d'un

1041 2315 1350 97 certain Corps céleſte, qui s’offroit le pré¬

1041 2393 1350 101 mier ſur ma route. Cette Planète me pa¬

1037 2471 1350 105 rut peu-à-peu ſi grande, que j’y pouvois

1037 2552 1346 98 diſtinguer ſans peine à travers l’Athmo¬

1033 2626 1350 117 ſphére, qui l’environnoit, des montagnes,

1029 2704 796 106 des Mers & des Valées;

1041 2813 1342 117 Tout ainſi qu'un Oiſeau vole & ſe pré¬

1700 2923 199 97 cipite

1025 3004 1354 121 A travers mille écueils ſur les bords

1681 3114 468 101 d'Amphitrite,

1021 3199 1354 152 De même je volois entre la terre

1685 3305 280 105 & l'air.

2196 3414 171 121 Pen¬
