3456 4677
1197 1005 991 82 DE NICOLAS KLIMIUS.

2277 1009 71 90 9

1096 1091 1260 121 Pendant que je me conſiderois ainſi nâ¬

1021 1184 1338 125 geant au milieu des airs, je ſentis tout-à-

1021 1262 1338 109 coup ma courſe, qui jusqu'alors avoit été

1025 1348 1338 121 perpendiculaire, devenir circulaire. Les

1021 1430 1342 113 cheveux m’en dreſſèrent à la tête; je me

1021 1520 1346 105 crus perdu ſans reſſource, craignant d’étre

1025 1586 1342 117 transformé en un planète, ou en ſatellite

1021 1679 1346 102 de celle dont j'approchois, & que je ne

1025 1749 1338 117 fuſſe par-là condamné à tourner éternelle¬

1025 1835 1346 105 ment. Mais lorsque je faiſois reflexion

1025 1913 1346 109 que cette métamorphoſe ne dérogeroit

1025 2007 1346 101 point à ma dignité, & qu'il valoit autant

1025 2077 1346 105 étre un Corps céleſte, ou le fatellite d’un

1029 2167 1346 89 Corps céleſte, qu'un Philoſophe mourant

1029 2244 1338 102 de faim, je ſentois rallumer mon courage;

1033 2315 1338 105 d'autant plus que par le bénefice de l’air

1037 2396 1330 121 pur dans lequel je nâgeois, je n’avois ni

1037 2486 1346 98 faim ni ſoif. Je me reſſouvenois pourtant

1037 2568 1342 90 fort bien que j’avois mis dans mes poches

1037 2638 1338 117 quelques pieces de ce Pain que les Habi¬

1041 2712 1334 109 tans de Berge nomment Bolken, qui eſt de

1041 2794 1334 105 figure ovale, ou plûtôt longue : j'en tirai

1041 2884 1330 97 un morceau bien réſolu d’en manger, ſi je

1041 2962 1338 93 le trouvois encore à mon goût. Mais à

1041 3047 1338 102 peine j’y eus mordu deſſus, que je compris,

1041 3125 1350 94 que toute nourriture terreſtre n’étoit plus

1041 3203 1342 102 bonne qu’à me cauſer des vomiſſemens, ſur

1041 3289 1350 90 quoi, je pris le parti de jetter mon pain

1045 3363 1342 97 comme une choſe qui m’étoit deſormais

1646 3460 140 94 A 5

2164 3441 231 94 inutile
