3456 4677
1209 1025 994 97 DE NICOLAS KLIMIUS.

2289 1040 67 101 3

1014 1149 1342 94 manqueroient pas d’étre recherchées &

1018 1231 1334 82 conſiderées avec une diligence infinie.

1021 1305 1335 98 Parmi ces Curioſités, celle qui me parut

1014 1395 1342 89 la plus digne de mon attention, fut une

1018 1481 1334 85 Caverne ſituée au haut d’une montagne que

1014 1555 1342 101 les Naturels du Païs nomment Flöien &

1018 1644 1330 86 dont l’entrée eſt taillée en écore. La Bou¬

1014 1718 1342 94 che de cette Caverne exhale de tems en tems

1018 1800 1338 90 un petit vens qui n’eſt pas deſagréable, & qui

1014 1878 1342 90 formant un ſon pareil à des ſanglots, ſem¬

1010 1952 1342 90 ble tantôt vouloir élargir le paſſage, &

1014 2030 1334 98 tantôt le vouloir boucher. Cela a exercé

1014 2116 1330 101 pluſieurs ſavans perſonnages de la ville de

1010 2194 1334 97 Berge, ſurtout le célèbre Abelin, & le

1010 2272 1338 93 Sr. Edouard Maitre-és-arts & Regent du

1006 2342 1338 105 Collège, tous deux fort verſés dans la Phi¬

1006 2424 1338 101 ſique & dans l'Aſtronomie. Ces Mrs. ne

1010 2521 1338 94 pouvant, à cauſe de leur grand âge, ſe

1006 2591 1334 94 tranſporter ſur les lieux pour examiner un

1006 2661 1334 106 effet ſi étonnant, avoient ſouvent excité

1006 2751 1334 98 leurs Compatriotes à ſonder plus avant la

1006 2841 1342 82 nature de cette Caverne, & à examiner

1002 2903 1338 98 ſurtout les viciſſitudes regulieres de ce foû¬

1006 2997 1334 93 pirail dont le ſoufle reſſemble en, quelque

998 3067 1342 93 ſorte à l'haleine d’un Homme qui reſpire

994 3145 492 93 avec difficulté.

1084 3219 1260 101 Pouſſé par les diſcours des perſonnes en

998 3316 1342 86 queſtion, autant que par ma propre curio¬

994 3375 1346 113 ſité, je formai le deſſein de deſcendre dans

1564 3460 167 114 A 2

2157 3492 183 58 cette
