3456 4677
1041 1036 97 55 12

1439 1025 530 101 VOYAGE

1033 1134 1346 105 doutant pas que je ne vinſſe à bout de

1037 1204 1334 121 I'appaiſer, & de tirer parti d'elle dans la ſo¬

1033 1286 1334 120 litude où je me trouvois. C'étoit au fond

1025 1368 1354 116 le ſeul du ſyſtême des douze ſigne, qui pût

1025 1449 1346 121 m’étre bon à quelque choſe. Mais, lors¬

1025 1543 1342 113 que ce Corps ſe fut approché de moi, je

1037 1621 1311 113 n’apperçus qu'un Grifon affreux, & cruel.

1049 1726 1322 125 Je me ſentis auſftôt ſaiſi d'une frayeur

1025 1824 1338 109 mortelle, & dans mon prémier trouble

1021 1901 1335 114 m'oubliant moi-même, & ma dignité aſtra¬

1018 1976 1341 124 Ie * en même tems, je mis la main dans

1018 2065 1338 105 ma poche, & en tirai mon Témoignage

1010 2139 1349 117 academique que j'avois par hazard encore

1010 2221 1342 121 ſur moi, & que je montrai à mon énémi,

1010 2311 1346 101 pour lui prouver que j’avois ſubi les exa¬

1010 2385 1334 121 mens de l'Univerſité, que j’étois Etudiant,

1006 2459 1346 117 & Bachelier qui plus eſt, & que j’étois en

1006 2548 1350 102 état de repouſſer vertement toute ſorte

1002 2619 1350 113 d'adverſaires dans la diſpute. Mais ce

1002 2704 1342 117 prémier transport s’étant diſſipé, je revins

998 2767 1346 140 à moi, & ne pus m'empecher de rire de

998 2868 1342 101 mon extravagance. Jétois cependant en¬

998 2946 1350 101 core incertain ſur le deſſein que pouvoit

994 3020 1342 121 avoir ce Grifon en me ſuivant de ſi près,

990 3110 1346 113 ſi c’étoit comme Ami, ou comme énémi,

2231 3215 113 82 ou

1006 3281 1330 117 * Meſſieurs les Puriſtes me paſſeront ce terme. Je

1057 3371 1275 105 l'ai forgé, pour éviter la circonlocution, que je n’ai¬

1060 3449 211 82 me pas.
