<?xml version="1.0" encoding="UTF-8"?>
<alto xmlns:xsi="http://www.w3.org/2001/XMLSchema-instance"
      xmlns="http://www.loc.gov/standards/alto/ns-v4#"
      xsi:schemaLocation="http://www.loc.gov/standards/alto/ns-v4# http://www.loc.gov/standards/alto/v4/alto-4-2.xsd">
  <Description>
    <MeasurementUnit>pixel</MeasurementUnit>
    <sourceImageInformation>
      <fileName>bpt6k822192_f7.tif</fileName>
      
    </sourceImageInformation>
  </Description>
  
  <Tags>
    <OtherTag ID="BT3692" LABEL="MarginTextZone" DESCRIPTION="block type MarginTextZone"/><OtherTag ID="BT3691" LABEL="NumberingZone" DESCRIPTION="block type NumberingZone"/><OtherTag ID="BT3690" LABEL="DamageZone" DESCRIPTION="block type DamageZone"/><OtherTag ID="BT3689" LABEL="GraphicZone" DESCRIPTION="block type GraphicZone"/><OtherTag ID="BT3688" LABEL="DropCapitalZone" DESCRIPTION="block type DropCapitalZone"/><OtherTag ID="BT3687" LABEL="TitlePageZone" DESCRIPTION="block type TitlePageZone"/><OtherTag ID="BT3686" LABEL="StampZone" DESCRIPTION="block type StampZone"/><OtherTag ID="BT3685" LABEL="SealZone" DESCRIPTION="block type SealZone"/><OtherTag ID="BT3684" LABEL="RunningTitleZone" DESCRIPTION="block type RunningTitleZone"/><OtherTag ID="BT3683" LABEL="QuireMarksZone" DESCRIPTION="block type QuireMarksZone"/><OtherTag ID="BT3681" LABEL="MainZone" DESCRIPTION="block type MainZone"/>
    <OtherTag ID="LT1260" LABEL="DropCapitalLine" DESCRIPTION="line type DropCapitalLine"/><OtherTag ID="LT1259" LABEL="HeadingLine" DESCRIPTION="line type HeadingLine"/><OtherTag ID="LT1258" LABEL="DefaultLine" DESCRIPTION="line type DefaultLine"/>
  </Tags>
  
  <Layout>
    <Page WIDTH="3456"
          HEIGHT="4677"
          PHYSICAL_IMG_NR="4"
          ID="eSc_dummypage_">
      <PrintSpace HPOS="0"
                  VPOS="0"
                  WIDTH="3456"
                  HEIGHT="4677">
        
        <TextBlock HPOS="1501"
                   VPOS="1032"
                   WIDTH="594"
                   HEIGHT="82"
                   ID="eSc_textblock_c17ef3d1"
                   TAGREFS="BT3684">
          <Shape><Polygon POINTS="1506 1032 1501 1098 2095 1114 2095 1042"/></Shape>
          
          
          <TextLine ID="eSc_line_2496b4a9"
                    TAGREFS="LT1259"
                    BASELINE="1501 1083 2090 1099" 
                    HPOS="1497"
                    VPOS="1013"
                    WIDTH="593"
                    HEIGHT="93">
            <Shape><Polygon POINTS="1969 1021 1930 1021 1891 1021 1852 1017 1813 1017 1774 1017 1763 1013 1548 1017 1540 1021 1501 1025 1501 1083 1497 1095 2082 1106 2090 1099 2086 1036 2012 1025 2008 1025"/></Shape>
	    <String CONTENT="PREFACE."
                    HPOS="1497"
                    VPOS="1013"
                    WIDTH="593"
                    HEIGHT="93"></String>
          </TextLine>

          
        </TextBlock>
        
        <TextBlock HPOS="1089"
                   VPOS="1133"
                   WIDTH="1384"
                   HEIGHT="2273"
                   ID="eSc_textblock_9dbf7abf"
                   TAGREFS="BT3681">
          <Shape><Polygon POINTS="1112 1133 1089 3387 2407 3406 2473 1145"/></Shape>
          
          
          <TextLine ID="eSc_line_30d66d93"
                    TAGREFS="LT1258"
                    BASELINE="1119 1204 2461 1227" 
                    HPOS="1115"
                    VPOS="1122"
                    WIDTH="1346"
                    HEIGHT="117">
            <Shape><Polygon POINTS="2445 1149 2406 1145 2367 1141 2328 1138 2289 1138 2250 1134 2211 1130 2172 1126 2133 1122 1470 1122 1431 1122 1392 1122 1353 1126 1314 1126 1275 1130 1236 1130 1197 1134 1158 1134 1119 1126 1119 1204 1115 1216 2453 1239 2461 1227 2457 1149 2445 1149"/></Shape>
	    <String CONTENT="re de celles des petitsGalopins d&#39;Athé¬"
                    HPOS="1115"
                    VPOS="1122"
                    WIDTH="1346"
                    HEIGHT="117"></String>
          </TextLine>

          
          
          <TextLine ID="eSc_line_b9977fff"
                    TAGREFS="LT1258"
                    BASELINE="1123 1297 2461 1321" 
                    HPOS="1119"
                    VPOS="1219"
                    WIDTH="1342"
                    HEIGHT="113">
            <Shape><Polygon POINTS="1123 1297 1119 1309 2453 1332 2461 1321 2457 1243 1123 1219 1123 1297"/></Shape>
	    <String CONTENT="nes. Quelque Chicaneur pourra bien"
                    HPOS="1119"
                    VPOS="1219"
                    WIDTH="1342"
                    HEIGHT="113"></String>
          </TextLine>

          
          
          <TextLine ID="eSc_line_97a10cd3"
                    TAGREFS="LT1258"
                    BASELINE="1119 1391 2457 1418" 
                    HPOS="1115"
                    VPOS="1313"
                    WIDTH="1342"
                    HEIGHT="113">
            <Shape><Polygon POINTS="1119 1391 1115 1403 2449 1426 2457 1418 2453 1340 1119 1313 1119 1391"/></Shape>
	    <String CONTENT="me reprocher que je me compare à ce"
                    HPOS="1115"
                    VPOS="1313"
                    WIDTH="1342"
                    HEIGHT="113"></String>
          </TextLine>

          
          
          <TextLine ID="eSc_line_ca1c630a"
                    TAGREFS="LT1258"
                    BASELINE="1119 1484 2453 1504" 
                    HPOS="1115"
                    VPOS="1399"
                    WIDTH="1338"
                    HEIGHT="117">
            <Shape><Polygon POINTS="2367 1418 2328 1418 2289 1418 2266 1414 2211 1426 2188 1430 2176 1426 2149 1414 2133 1414 2094 1414 2086 1422 2079 1426 2059 1422 1989 1410 1977 1410 1938 1410 1899 1410 1860 1406 1821 1406 1782 1406 1743 1406 1716 1406 1708 1414 1704 1422 1685 1414 1653 1403 1626 1403 1591 1403 1564 1410 1540 1418 1513 1410 1478 1399 1470 1399 1443 1399 1419 1406 1388 1418 1119 1403 1119 1484 1115 1496 2445 1516 2453 1504 2449 1434 2379 1418 2367 1418"/></Shape>
	    <String CONTENT="Sage : alte-là, Monſieur le chica¬"
                    HPOS="1115"
                    VPOS="1399"
                    WIDTH="1338"
                    HEIGHT="117"></String>
          </TextLine>

          
          
          <TextLine ID="eSc_line_896fb230"
                    TAGREFS="LT1258"
                    BASELINE="1119 1574 2453 1597" 
                    HPOS="1115"
                    VPOS="1500"
                    WIDTH="1338"
                    HEIGHT="109">
            <Shape><Polygon POINTS="1119 1574 1115 1586 2445 1609 2453 1597 2449 1523 1119 1500 1119 1574"/></Shape>
	    <String CONTENT="neur, je ne parle que du mépris des"
                    HPOS="1115"
                    VPOS="1500"
                    WIDTH="1338"
                    HEIGHT="109"></String>
          </TextLine>

          
          
          <TextLine ID="eSc_line_a9d06168"
                    TAGREFS="LT1258"
                    BASELINE="1111 1664 2449 1695" 
                    HPOS="1107"
                    VPOS="1586"
                    WIDTH="1342"
                    HEIGHT="121">
            <Shape><Polygon POINTS="1111 1664 1107 1675 2441 1707 2449 1695 2449 1621 1111 1586 1111 1664"/></Shape>
	    <String CONTENT="injures, &amp; pour vous montrer que je"
                    HPOS="1107"
                    VPOS="1586"
                    WIDTH="1342"
                    HEIGHT="121"></String>
          </TextLine>

          
          
          <TextLine ID="eSc_line_48dd7cb9"
                    TAGREFS="LT1258"
                    BASELINE="1115 1749 2453 1777" 
                    HPOS="1111"
                    VPOS="1675"
                    WIDTH="1342"
                    HEIGHT="110">
            <Shape><Polygon POINTS="1115 1749 1111 1761 2445 1785 2453 1777 2453 1703 1115 1675 1115 1749"/></Shape>
	    <String CONTENT="n’ai pas autant de vanité que vous"
                    HPOS="1111"
                    VPOS="1675"
                    WIDTH="1342"
                    HEIGHT="110"></String>
          </TextLine>

          
          
          <TextLine ID="eSc_line_23b88a19"
                    TAGREFS="LT1258"
                    BASELINE="1111 1847 2445 1866" 
                    HPOS="1107"
                    VPOS="1773"
                    WIDTH="1338"
                    HEIGHT="105">
            <Shape><Polygon POINTS="1111 1847 1107 1874 2437 1878 2445 1866 2441 1792 1111 1773 1111 1847"/></Shape>
	    <String CONTENT="penſez, je vous avouerai, que ce mé¬"
                    HPOS="1107"
                    VPOS="1773"
                    WIDTH="1338"
                    HEIGHT="105"></String>
          </TextLine>

          
          
          <TextLine ID="eSc_line_ca3c82e9"
                    TAGREFS="LT1258"
                    BASELINE="1107 1937 2441 1960" 
                    HPOS="1103"
                    VPOS="1855"
                    WIDTH="1338"
                    HEIGHT="113">
            <Shape><Polygon POINTS="1107 1937 1103 1956 2434 1968 2441 1960 2437 1878 1107 1855 1107 1937"/></Shape>
	    <String CONTENT="pris eſt plûtôt une ſuite de la mauvaiſe"
                    HPOS="1103"
                    VPOS="1855"
                    WIDTH="1338"
                    HEIGHT="113"></String>
          </TextLine>

          
          
          <TextLine ID="eSc_line_c5b963bd"
                    TAGREFS="LT1258"
                    BASELINE="1103 2022 2445 2050" 
                    HPOS="1099"
                    VPOS="1944"
                    WIDTH="1346"
                    HEIGHT="117">
            <Shape><Polygon POINTS="1103 2022 1099 2034 2437 2061 2445 2050 2445 1972 1103 1944 1103 2022"/></Shape>
	    <String CONTENT="opinion que j’ai de certains Ecrivains,"
                    HPOS="1099"
                    VPOS="1944"
                    WIDTH="1346"
                    HEIGHT="117"></String>
          </TextLine>

          
          
          <TextLine ID="eSc_line_791740bf"
                    TAGREFS="LT1258"
                    BASELINE="1107 2116 2445 2135" 
                    HPOS="1103"
                    VPOS="2026"
                    WIDTH="1342"
                    HEIGHT="117">
            <Shape><Polygon POINTS="2121 2046 2082 2046 2055 2042 1989 2053 1973 2053 1962 2053 1907 2042 1887 2042 1848 2038 1809 2038 1770 2038 1731 2038 1728 2038 1607 2046 1603 2046 1571 2034 1536 2034 1521 2034 1486 2046 1482 2046 1474 2046 1404 2030 1380 2030 1341 2030 1302 2030 1283 2026 1107 2038 1107 2116 1103 2128 2437 2143 2445 2135 2441 2061 2180 2061 2172 2057 2149 2046 2121 2046"/></Shape>
	    <String CONTENT="que l’effet de ma généroſité. Ceux"
                    HPOS="1103"
                    VPOS="2026"
                    WIDTH="1342"
                    HEIGHT="117"></String>
          </TextLine>

          
          
          <TextLine ID="eSc_line_a91ecc51"
                    TAGREFS="LT1258"
                    BASELINE="1107 2202 2426 2233" 
                    HPOS="1103"
                    VPOS="2120"
                    WIDTH="1323"
                    HEIGHT="136">
            <Shape><Polygon POINTS="2277 2135 2238 2135 2199 2135 2192 2131 2121 2143 2098 2143 2075 2139 2024 2131 2004 2131 1965 2131 1926 2131 1899 2128 1806 2135 1774 2135 1767 2135 1755 2128 1731 2128 1692 2128 1665 2128 1646 2131 1634 2131 1622 2124 1614 2124 1575 2124 1536 2124 1497 2124 1458 2124 1419 2124 1380 2124 1341 2120 1302 2120 1263 2120 1224 2120 1185 2120 1146 2120 1107 2120 1107 2202 1103 2213 2418 2256 2426 2233 2422 2151 2313 2135 2277 2135"/></Shape>
	    <String CONTENT="qui ſont au fait m’entendront de reſte,"
                    HPOS="1103"
                    VPOS="2120"
                    WIDTH="1323"
                    HEIGHT="136"></String>
          </TextLine>

          
          
          <TextLine ID="eSc_line_38355a98"
                    TAGREFS="LT1258"
                    BASELINE="1099 2287 2437 2319" 
                    HPOS="1096"
                    VPOS="2209"
                    WIDTH="1341"
                    HEIGHT="121">
            <Shape><Polygon POINTS="2114 2229 2082 2225 2063 2225 2036 2225 1997 2225 1958 2225 1919 2221 1880 2221 1841 2221 1802 2221 1763 2217 1724 2217 1685 2217 1646 2217 1607 2217 1568 2213 1529 2213 1490 2213 1451 2213 1431 2209 1099 2209 1099 2287 1096 2299 2430 2330 2437 2319 2434 2244 2137 2229 2114 2229"/></Shape>
	    <String CONTENT="en tout cas je m’expliquerai mieux"
                    HPOS="1096"
                    VPOS="2209"
                    WIDTH="1341"
                    HEIGHT="121"></String>
          </TextLine>

          
          
          <TextLine ID="eSc_line_8915590d"
                    TAGREFS="LT1258"
                    BASELINE="1099 2385 2426 2408" 
                    HPOS="1096"
                    VPOS="2311"
                    WIDTH="1330"
                    HEIGHT="105">
            <Shape><Polygon POINTS="1099 2385 1096 2396 2418 2416 2426 2408 2422 2334 1099 2311 1099 2385"/></Shape>
	    <String CONTENT="une autrefois; &amp; ceux qui me con¬"
                    HPOS="1096"
                    VPOS="2311"
                    WIDTH="1330"
                    HEIGHT="105"></String>
          </TextLine>

          
          
          <TextLine ID="eSc_line_c9725d22"
                    TAGREFS="LT1258"
                    BASELINE="1103 2474 2434 2494" 
                    HPOS="1099"
                    VPOS="2396"
                    WIDTH="1335"
                    HEIGHT="110">
            <Shape><Polygon POINTS="1103 2474 1099 2490 2426 2506 2434 2494 2434 2416 1103 2396 1103 2474"/></Shape>
	    <String CONTENT="noiſſent : ſavent bien que je ne ſuis pas"
                    HPOS="1099"
                    VPOS="2396"
                    WIDTH="1335"
                    HEIGHT="110"></String>
          </TextLine>

          
          
          <TextLine ID="eSc_line_df7ec5bd"
                    TAGREFS="LT1258"
                    BASELINE="1181 2560 2344 2587" 
                    HPOS="1178"
                    VPOS="2478"
                    WIDTH="1166"
                    HEIGHT="125">
            <Shape><Polygon POINTS="1181 2560 1178 2576 2336 2603 2344 2587 2340 2506 1181 2478 1181 2560"/></Shape>
	    <String CONTENT="fâché d’étre critiqué par des gens"
                    HPOS="1178"
                    VPOS="2478"
                    WIDTH="1166"
                    HEIGHT="125"></String>
          </TextLine>

          
          
          <TextLine ID="eSc_line_945ed37f"
                    TAGREFS="LT1258"
                    BASELINE="1513 2654 1997 2661" 
                    HPOS="1509"
                    VPOS="2580"
                    WIDTH="488"
                    HEIGHT="117">
            <Shape><Polygon POINTS="1513 2654 1509 2673 1989 2697 1997 2661 1993 2587 1513 2580 1513 2654"/></Shape>
	    <String CONTENT="raiſonnables."
                    HPOS="1509"
                    VPOS="2580"
                    WIDTH="488"
                    HEIGHT="117"></String>
          </TextLine>

          
        </TextBlock>
        
        <TextBlock HPOS="2100"
                   VPOS="3482"
                   WIDTH="338"
                   HEIGHT="102"
                   ID="eSc_textblock_5fc330d0"
                   TAGREFS="BT3683">
          <Shape><Polygon POINTS="2109 3482 2100 3584 2425 3584 2438 3489"/></Shape>
          
          
          <TextLine ID="eSc_line_c8841bbc"
                    TAGREFS="LT1258"
                    BASELINE="2110 3558 2315 3563 2422 3566" 
                    HPOS="2102"
                    VPOS="3484"
                    WIDTH="316"
                    HEIGHT="93">
            <Shape><Polygon POINTS="2340 3488 2301 3488 2262 3484 2223 3484 2184 3484 2145 3484 2125 3496 2106 3554 2102 3570 2410 3577 2418 3562 2414 3492 2367 3488 2340 3488"/></Shape>
	    <String CONTENT="VOYA¬"
                    HPOS="2102"
                    VPOS="3484"
                    WIDTH="316"
                    HEIGHT="93"></String>
          </TextLine>

          
        </TextBlock>
        
        <TextBlock HPOS="1284"
                   VPOS="2786"
                   WIDTH="959"
                   HEIGHT="585"
                   ID="eSc_textblock_fdd6ad56"
                   TAGREFS="BT3689">
          <Shape><Polygon POINTS="1284 2786 1284 3371 2243 3371 2243 2786"/></Shape>
          
        </TextBlock>
        

        
      </PrintSpace>
    </Page>
  </Layout>
</alto>
