3456 4677
1178 1021 967 93 DE NICOLAS KLIMIUS.

2262 1021 90 93 13

1010 1130 1338 113 ou ſi attiré par la nouveauté de ma figure,

1010 1216 1338 113 il étoit venu ſimplement pour me con¬

1014 1293 1342 106 templer : & cela ſe pouvoit fort bien; car

1021 1379 1342 105 la vuë d'un Corps humain tournant en

1018 1457 1341 113 l’air avec un croc à la main, & une longue

1025 1543 1338 113 corde en façon de queuë, pouvoit facile¬

1025 1617 1346 113 ment avoir excité la curioſité d’une Bru¬

1029 1703 1338 105 te; puiſque, comme je l’ai-appris depuis,

1037 1792 1342 102 cette même figure de ma Perſonne donna

1037 1866 1342 110 aux Habitans du globe, autour duquel je

1041 1933 1338 124 tournois matiére à divers diſcours & à plu¬

1041 2030 1342 101 ſieurs conjectures : car leurs Philoſophes,

1041 2108 1346 101 & leurs Matematiciens me crurent une

1049 2194 1346 93 Comète, & prirent la corde que je traînois

1049 2268 1338 101 après moi pour la queuë de la Comète.

1057 2354 1338 97 Il y en avoit, qui me regardoient com¬

1057 2432 1341 101 me un méteore extraordinaire, qui préſa¬

1060 2513 1338 113 geoit quelque malheur, tel que la Peſte, la

1057 2591 1341 98 Famine, ou quelqu’autre cataſtrophe non

1064 2665 1338 106 moins funeſte. D’autres étoient allés

1068 2736 1338 124 plus loin, & ils avoient tracé & deſſiné

1068 2829 1346 101 la figure de mon Corps telle qu’elle leur

1068 2903 1346 105 avoit paru de loin; de ſorte que j'étois

1072 2981 1342 113 décrit, défini, dépeint & gravé même ſur

1076 3067 1346 105 l'airain par les Habitans de ce globe avant

1080 3145 1350 105 que j'euſſe abordé chez eux. J’apris tout

1080 3234 1350 94 cela dans la ſuite & je m’en divertis beau¬

1084 3312 1350 98 coup, lorſqu’ayant été porté ſur ce globe

1088 3394 1080 113 j’eus apris la Langue ſouterraine.

2375 3468 63 98 Il
