3456 4677
1217 1017 994 89 DE NICOLAS KLIMIUS.

2313 1001 66 101 11

1041 1122 1350 121 guer les jours & les nuits, & voir le Soleil

1045 1200 1342 117 ſouterrain ſe lever, s’abaiſſer & diſparoitre

1049 1293 1338 98 de devant mes yeux, bienque je ſentiſſe une

1057 1371 1338 113 grande difference entre ces nuits, & les

1053 1453 1334 109 nôtres; puisqu'après le coucher du ſoleil,

1057 1535 1341 109 le Firmament paroiſſoit lumineux, & d'un

1057 1621 1341 97 éclat à peu près égal à celui de la Lune;

1057 1699 1338 105 ce qui me faiſoit juger que le lieu où j’étois,

1057 1781 1349 97 étoit la ſuperficie du firmament la plus

1068 1859 1327 117 proche de la Région ſouterraine, ou l’Hé¬

1068 1937 1342 109 miſphère de cette méme Région, d'autant

1072 2011 1338 128 plus que la lumière que je voyois, étoit

1072 2092 1338 113 empruntée du Soleil placé au centre de ce

1072 2167 1342 132 globe. Je me forgeois cette Hypotéſe en

1072 2248 1342 117 Homme qui n’étoit pas tout-à-fait étran¬

1076 2330 1342 125 ger dans l’étude de l’Aſtronomie. Je me

1076 2420 1346 101 croyois toucher au bonheur des Dieux,

1076 2490 1346 109 & me regardois dèja comme un Aſtre

1084 2580 1342 101 d’importance que les Aſtronomes de la

1088 2646 1342 117 Planète voiſine alloient placer, avec le Sa¬

1088 2732 1346 109 tellite dont j’étois environné, dans le ca¬

1092 2810 1342 113 talogue des Etoiles, lorsque je vis paroitre

1088 2895 1346 106 à mes yeux un monſtre aîlé d’une gran¬

1092 2969 1342 110 deur énorme, qui me pourſuivoit à droite,

1092 3047 1345 109 à gauche & au deſſus de ma tête. Je crus

1099 3121 1342 121 au prémier aſpect, que c'étoit un des dou¬

1099 3207 1350 113 ze ſignes du Ciel-Souterrain, & je ſou¬

1103 3277 1338 121 haitois fort, au cas que ma conjecture ſe

1103 3359 1342 121 trouvât vraye, que ce fût la Vierge, ne

2270 3437 183 105 dou¬
