3456 4677
1150 1040 35 94 4

1529 1036 518 82 VOYAGE.

1119 1141 1346 106 cette Caverne, & je m'en ouvris à quel¬

1123 1231 1342 98 ques-uns de mes Amis, qui bien loin de

1119 1309 1346 97 m’encourager, me traitèrent d’extrava¬

1119 1379 1350 109 gant, & de deſeſperé. Je fus peu ému

1119 1473 1346 101 de leurs remontrances, & au-lieu de me

1119 1551 1346 109 détourner de mon entrepriſe, ils ne firent

1119 1636 1342 98 qu’acroître mon impatience. L’envie de

1115 1711 1350 105 faire de nouvelles découvertes dans la

1115 1788 1346 102 Nature me rendoit incapable d'écouter

1111 1878 1350 98 aucun avis, & le mauvais état de mes af¬

1111 1948 1350 109 faires domeſtiques étoit un puiſſant éguil¬

1111 2026 1346 113 lon pour me faire affronter les plus grands

1115 2108 219 129 périls.

1197 2182 1264 113 En effet la miſére me talonnoit, & il me

1107 2260 1342 117 ſembloit bien dur de manger le Pain d’au¬

1107 2354 1342 101 trui dans le ſein de ma Patrie, ſans eſpé¬

1103 2428 1346 109 rance de pouvoir me tirer d’affaires. En¬

1103 2513 1346 102 fin je jugeois qu’il n’y avoit pas moyen de

1103 2595 1342 102 parvenir, à moins que je ne m’illuſtraſſe

1103 2673 1346 121 par quelque coup hardi qui rendît mon

1103 2763 441 78 nom célèbre.

1185 2821 1260 125 Dans cette idée, je fis les préparatifs né¬

1099 2907 1342 105 ceſſaires pour mon expédition, & ſortis de

1099 2981 1342 113 la Ville un jeudi de grand matin, par un

1099 3063 1338 109 tems pur & ſerein, me flattant de revenir

1096 3149 1341 101 avant la fin du jour; mais je me trompois

1092 3227 1345 101 furieuſement dans mon calcul, ne pre¬

1096 3308 1338 98 voyant pas que, comme un ſecond Phaë¬

1084 3398 1221 117 ton transporté dans un autre monde,

2266 3476 160 98 J'al¬
