3456 4677
1115 1032 43 74 2

1521 1013 526 82 VOYAGE

1103 1110 1350 121 dotés de haut ſavoir, mais fort mal pour¬

1119 1219 433 82 vûs d’argent.

1197 1278 1252 109 Nous avions le vent en poupe, & après

1103 1371 1350 98 ſix jours d’une heureuſe Navigation, nous

1107 1449 1350 102 abordames au port de Berge. Ce fut

1107 1539 1342 94 ainſi que je revins dans ma Patrie, plus

1107 1617 1338 97 Savant à-la-verité, que je ne l’étois quand

1103 1699 1346 97 j’en ſortis, mais pas plus riche. Je vécus

1103 1781 1346 89 aux dépens de mes Amis, qui voulurent

1103 1851 1346 101 bien m’aider quelque tems, durant lequel

1103 1940 1346 94 ma vie quoique precaire, ne fut ni tout-à-

1099 2015 1350 97 fait oiſive, ni entierement pareſſeuſe : Car

1103 2096 1346 94 voulant me ſignaler par l'étude de la Phi¬

1099 2170 1350 102 ſique, dans laquelle j’étois dèja initié, je

1099 2256 1346 94 parcours avec ſoin les quatre coins de la

1099 2338 1346 97 Province *, fouillant avidement dans les

1099 2416 1338 105 entrailles de la terre & des montagnes,

1099 2494 1338 101 pour connoître leurs differentes qualités.

1099 2572 1342 97 Il n'y avoit point de rocher ſi eſcarpé où

1092 2650 1349 101 je ne graviſſe, point de precipice ſi affreux

1096 2732 1345 97 où, je ne tachaſſe de pénètrer, pour voir ſi

1092 2813 1345 94 je n'y trouverois pas par hazard quelque

1092 2888 1342 101 choſe digne de la curioſité d'un Phiſicien :

1092 2969 1345 102 Car la Norwege contient diverſes Raretés

1092 3043 1334 117 qui, ſi elles étoient en France, en Italie,

1092 3133 1342 98 en Allemagne ou dans quelcun de ces Païs

1092 3207 1345 94 feconds en merveilles, où l’on ſait faire

1092 3293 1342 97 valoir jusqu’aux moindres choſes, ne

1150 3449 960 105 * Cette Province c'eſt le Bergenhus.

2238 3379 196 132 man¬
