3456 4677
1154 1025 51 101 6

1568 1044 514 82 VOYAGE

1135 1153 1361 109 me répondoient point, j'eus honte de ma

1138 1239 1354 97 foibleſſe, & reprenant courage, j'ordonne

1138 1321 1350 97 qu’on me prépare une corde, & je recom¬

1142 1395 1346 105 mande mon Ame à Dieu. J'avertis mes

1142 1484 1346 98 Gens de lâcher la corde juſqu’à ce que je

1142 1562 1346 102 criaſſe; qu’alors ils euſſent à s'arreter, &

1135 1648 1349 101 que ſi je continuois à crier, ils me retiras¬

1138 1718 1346 109 ſent promtement. Je me munis moi-mê¬

1138 1796 1335 121 me d'un croc, qui me parut néceſſaire,

1138 1886 1342 101 pour écarter les obſtacles, qui pourroient

1135 1972 1341 85 s'opoſer à ma deſcente, & pour tenir tou¬

1135 2042 1345 97 jours mon corps ſuſpendu dans un juſte

1135 2128 1224 93 milieu des deux côtés de la Caverne.

1213 2213 1267 98 A peine étois-je deſcendu à la hauteur

1131 2299 1345 94 de dix ou de quinze coudées que la corde

1131 2377 1349 94 ſe rompit. Ce malheur me fut annoncé

1131 2451 1338 117 par les cris & les clameurs de mes gens,

1127 2537 1349 93 que je n’entendis bientôt plus; car je de¬

1127 2611 1349 105 ſcendis avec une rapidité étonnante, &

1127 2693 799 97 comme un autre Pluton,

1135 2790 1345 133 Je m’ouvris un chemin jusqu'au fond

1755 2895 503 102 des Abîmes *;

1119 3001 1361 109 excepté qu’aulieu de ſceptre j'avois un

1119 3090 601 94 croc dans la main.

1131 3273 1330 102 * Je continuerai à traduire en vers François tous

1181 3351 1284 94 les Vers Latins qui ſe rencontrent en aſſés grand

1185 3422 1288 93 nombre dans le Corps de cet Ouvrage, & j'eſpére

1185 3484 667 93 qu'on n'en ſera pas fâché.

2387 3156 89 137 Je
