3456 4677
1201 1017 963 97 DE NICOLAS KLIMIUS.

2277 1017 63 97 15

1010 1122 1349 101 teint ſur le dos, entre les deux aîles, je

1018 1200 1349 117 ne pouvois plus retirer le trait, dont je l'a¬

1025 1282 1334 105 vois percé. Le Monstre ainſi bleſſé,

1021 1375 1342 109 jetta un cris terrible, et tomba un mo¬

1021 1442 1350 113 ment après vers le globe dont j'ai dèja

1025 1527 1342 133 parlé. Pour moi qui étois dégouté de

1025 1621 1342 101 ma dignité aſtrale, que je voyois expoſée

1025 1699 1342 105 à divers dangers, comme cela arrive d’or¬

1029 1769 1346 109 dinaire à ceux qui occupent les grands

1033 1882 293 86 emplois,

1037 1960 1342 125 A de pareils revers las de me voir en bute

1037 2057 1346 110 Je ſuivis volontiers l'Animal dans ſa

1692 2139 203 90 chûte

1041 2194 1346 121 Sans ſavoir où j'allois je volois au ba¬

1708 2307 199 93 zard.

1045 2377 1162 97 Comme on voit ſouvent ſur le tard

1053 2447 1334 129 Quand le Ciel eſt ſerein, ou que la Lune

1708 2545 238 85 éclaire

1060 2599 1054 133 Plus d'une étoile paſſagère,

1057 2697 1076 120 Qui voltigeant de haut en bas,

1057 2767 1338 113 Semble vouloir tomber & qui ne tombe

1708 2876 168 93 pas.

1057 2950 1341 132 Ainſi le mouvement circulaire que je fai¬

1057 3040 1345 113 ſois tantôt & que j'ai décrit ci-deſſus,

1068 3141 839 101 redevint perpendiculaire.

1150 3199 1264 129 Je paſſai avec rapidité au travers d'un

1064 3301 1350 97 air plus épais que celui que je venois de

1068 3371 1342 117 quitter, & dont le bruit, & l'agitation

2106 3460 308 94 m'étour¬
