3456 4677
1384 1013 605 101 PREFACE.

1014 1114 1349 140 qu’ils y reviendroient chercher de plus

1010 1204 1353 125 amples inſtructions; & où il faut

1010 1297 1342 129 lire . . . En partant de notre Camp,

1010 1391 1353 140 qu’ils y reviendroient, & qu'ils alloient

1010 1477 1357 144 ſeulement chercher de plus amples inſtru¬

1018 1570 1353 125 ctions. C'eſt ainſi qu’on liſoit dans ma

1021 1675 1346 113 copie, que j’avois écrite avec toute,

1021 1757 1350 121 l'exactitude poſſible; & à cet égard,

1029 1859 1346 109 comme à l’égard de quelques autres

1033 1933 1346 128 fautes plus légères, j'eſpère que les

1041 2038 1346 121 perſonnes raiſonnables ne me feront

1041 2112 1342 140 point de procés. Il n'en eſt pas de

1041 2209 1350 121 même par raport à mon ſtile, c’eſt à

1045 2291 1342 125 moi d’en répondre, & non pas à l'Im¬

1053 2385 1342 140 primeur. Ceux qui s’y connoiſſent

1053 2490 1342 105 ne le trouveront peutétre pas plus

1068 2572 1350 128 mauvais, que celui de quelques au¬

1057 2658 1345 113 tres Ouvrages, qui ſont ſortis de ma

1064 2751 1334 137 plume, & qui ont eu le bonheur de plai¬

1057 2837 1345 113 re. Ceux qui ne s’y connoiſſent pas,

1064 2927 1342 124 & qui toutefois en raiſonnent pour ſe

1068 3020 1342 117 donner du relief, ne valent pas la pei¬

1068 3110 1342 117 ne que je faſſe attention à leur Criti¬

1072 3203 1338 113 que. Ce ſont des gens qui parlent à

1072 3297 1350 113 tort & à travers, & je fais cas de leurs

1072 3386 1350 113 injures comme Socrate en pouvoit fai¬

2211 3484 199 113 re de
