3456 4677
1419 1036 613 70 PREFACE.

1049 1126 1353 121 l’ouvrage que le plaiſir que j’ai eu à

1053 1212 1349 117 le traduire, je ſuis tenté de croire

1053 1305 1349 113 qu’il plaira : Mais comme je ſai fort

1053 1399 1334 124 bien qu'un Original a des graces qu’il

1053 1492 1345 109 eſt quelquefois difficile d'atraper dans

1053 1582 1345 113 une traduction, je dois prendre ſur

1053 1675 1342 117 mon compte les défauts de celle-ci;

1053 1777 1342 97 d’autant plus que, pour lui donner

1057 1855 1345 109 un air François, j'ai pris la liberté de

1053 1940 1345 117 m’écarter, mais fort rarement, des

1053 2046 1345 97 expreſſions de mon Auteur, & d’en

1053 2128 1349 105 ſubſtituer d’autres, qui en faiſant le

1053 2225 1349 97 même ſens, forment un tour un peu

1053 2311 1345 113 différent. Je l’ai fait à bonne intention,

1053 2404 1349 94 & ſi je n’ai pas réuſſi, on ne doit s’en

1053 2482 1349 105 prendre qu’à moi; car, outre que

1053 2572 1345 117 l'Original eſt écrit d’un ſtile très-pur,

1049 2669 1349 106 & très-beau par raport à la Latinité,

1053 2759 1345 97 il eſt encore rempli d’un badinages

1053 2833 1345 117 trèsfin, & de mille agrémens qu'il eſt

1057 2927 1345 109 bien plus aiſé de ſentir que d’expri¬

1053 3016 1353 109 mer. Les fautes d’impreſſion, ne

1053 3114 1349 101 m’ont pas paru aſſés conſidérables

1057 3215 1345 93 pour mériter un Errata. La plus im¬

1060 3301 1346 101 portante eſt à la pag. 347. lig. 16. où

1064 3386 1338 113 on lit - - - En partant de notre camp,

2207 3472 191 113 qu'ils
