3456 4677
1084 1391 1034 129 VOYAGE

1181 1543 855 93 DE NICOLAS KLIMIUS

928 1653 1349 125 DANS LA RE'GION SOU¬

1334 1753 546 106 TERRAINE.

1314 1925 573 144 CHAP. I.

951 2038 1291 132 DESCENTE DE L’AUTEUR

1189 2167 831 77 DANS LES ABÎMES.

1010 2342 97 132 A

1205 2326 1069 121 près avoir ſubi les deux Examens

1236 2432 1034 89 dans l’Univerſité de Coppen¬

1236 2506 1038 101 hague en 1664, & me trouvant

920 2603 1357 90 revétu, par les ſuffrages des Tribunaux

920 2673 1354 86 tant de Philoſophie que de Théologie, du

924 2759 1342 86 Caractère appellé Louable, je me diſpoſai

916 2829 1350 90 à retourner dans ma Patrie à bord d’un

920 2915 1346 89 Navire, qui faiſoit voile vers Berge Capi¬

920 2989 1006 97 tale du Royaume de Norwege.

1006 3071 1260 101 J'étois chargé de témoignages avanta¬

920 3153 1346 101 geux de l’une & de l’autre Faculté, mais

916 3223 1346 97 fort léger de finances : J'avois cela de com¬

912 3308 1338 106 mun avec les autres Etudians de Norwege,

920 3398 1346 121 qui reviennent ordinairement chez eux

1521 3468 70 102 A

2063 3460 195 94 dotés
