3456 4677
1080 982 94 78 10

1501 978 515 86 VOYAGE

1072 1079 1346 109 inutile. Mais, o Prodige ! ce pain ne fut

1076 1169 1338 109 pas plutôt parti de ma main, qu’il reſta

1072 1262 1342 86 non ſeulement ſuſpendu en l'air, mais

1072 1336 1342 98 commença même à décrire un cercle au¬

1072 1422 1338 90 tour de moi; et ce fut alors que je recon¬

1072 1500 1338 97 nus les veritables loix du mouvement, qui

1072 1578 1338 105 font que les Corps poſés en équilibre tour¬

1072 1672 1334 81 nent en cercle. A la vuë de ce pain tour¬

1068 1746 1338 97 nant autour de moi, je ſentis ma rate s'en¬

1068 1824 1338 97 fler, & comment aurois-je pu me défendre

1068 1898 1346 105 des ſentimens de l’orgueil ? moi qui, ayant

1064 1987 1342 98 été juſqu’alors le jouet de la fortune, me

1068 2061 1334 106 voyois changé non pas en Planète ſubalter¬

1060 2139 1346 105 ne, mais en planète qu'un Satellite devoit

1064 2221 1338 98 toujours eſcorter, & qui pouvoit étre com¬

1068 2295 1334 109 ptée parmi les aſtres majeurs, ou parmi les

1064 2373 1334 109 Planètes du premier ordre. Et s’il faut con¬

1057 2459 1341 105 feſſer ma foibleſſe, j'ajouterai, que cette idée

1057 2548 1341 90 me gonfla l’eſprit de tant de vanité, que

1057 2623 1341 93 je crois que, ſi j'avois alors rencontré les

1057 2697 1341 101 Bourgmêtres de Berge, je les aurois reçus

1053 2778 1345 106 avec dédain, & les aurois regardés comme

1057 2864 1341 94 des atómes, qui ne valoient pas la peine

1057 2946 1338 90 que je les ſaluaſſe pas même du croc que

1053 3016 764 94 je tenois dans ma main.

1135 3102 1256 105 Je fus trois jours dans cette ſituation,

1049 3172 1342 105 je dis trois jours; car comme je tournois

1053 3246 1342 109 ſans ceſſe autour de la planète qui étoit

1053 3340 1334 101 proche de moi, je pouvois très bien diſtin¬

2219 3425 172 113 guer
