3456 4677
1217 1064 963 81 DE NICOLAS KLIMIUS.

2270 1083 58 82 5

1064 1173 1202 85 J'allois rouler en lair par un eſpace immenſe;

994 1254 1338 94 & que ce ne ſeroit qu’après avoir erré dix

994 1332 1334 102 ans que j’aurois le plaiſir de revoir ma Pa¬

994 1430 577 86 trie & mes Amis.

1072 1504 1256 93 Cependant je continuois mon chemin

994 1597 1334 90 accompagné de quatre Hommes payés

998 1675 1330 94 pour m’aider dans mon entrepriſe. Ils

990 1749 1346 86 portoient les cordes, & les crocs dont

998 1835 1330 94 j'avois beſoin pour deſcendre dans la Ca¬

994 1905 1334 94 verne. Cette expédition extraordinaire

994 1999 1334 82 commença en l’anneé 1665. Jean Mun¬

990 2065 1334 90 the, Laurent Severin, Chriſtiern Berthol¬

982 2147 1346 101 di, & Laurent Scandius étant Bourgmê¬

990 2225 1338 86 tres & Sénateurs de Berge. Nous nous

986 2307 1350 89 rendimes à Sandwic, par où l'on monte

990 2385 1338 93 plus commodement ſur la montagne. Ar¬

986 2467 1346 93 rivés au Sommet, nous gagnames le lieu

990 2556 1346 82 où étoit l'antre fatal, & comme nous

986 2634 1346 86 étions fatigués du chemin que nous avi¬

986 2716 1346 90 ons fait, nous nous repoſames un peu

986 2786 1342 98 pour nous refaire l’eſtomac par un bon dé¬

990 2868 1342 94 jeûné dont nous nous étions nantis avant

986 2942 1342 90 notre départ. Je ſentis tout-à-coup mon

986 3032 1346 93 cœur palpiter, comme s’il eût voulu me

986 3102 1346 90 prédire quelque malheur prochain. Je me

982 3188 1350 85 tournai vers ceux qui m’accompagnoient :

982 3270 1350 97 Mes Amis, leur dis-je «y a-t-il quelcun de

982 3344 1350 97 «vous qui veuille tenter le prémier l'en¬

986 3414 1342 109 «trée de cette Caverne ? Comme ils ne

1696 3499 133 110 A 3

2207 3507 125 90 me
