3456 4677
1213 1013 990 89 DE NICOLAS KLIMIUS.

2328 997 39 113 7

1131 1114 1256 121 Je volai environ un quart d'heure, au¬

1049 1200 1338 101 tant qu'il me fut poſſible de le remarquer

1053 1282 1334 97 dans l’agitation extrême où je me trou¬

1057 1348 1330 117 vois, au travers d'une épaiſſe obſcurité :

1053 1434 1334 109 Mais enfin j'aperçus une petite clarté

1057 1523 1326 129 pareille à celle qui nous vient du crépuſ¬

1057 1601 1338 110 cule du matin. La lumiére s'augmente,

1053 1683 1334 109 & je découvre bientôt moi-même un Ciel

1057 1765 1341 113 pur, & ſans nuage. Je fus aſſés foû pour

1057 1851 1338 97 croire que cela étoit l’effet de la repercus¬

1057 1925 1341 101 ſion de l'air ſouterrain, ou que la violen¬

1057 2011 1334 93 ce d’un vent contraire m’avoit repouſſé,

1060 2085 1338 105 ou que la Caverne m'avoit revomi par la

1060 2159 1342 109 reciprocation de ſon ſouffle. Néanmoins

1060 2244 1342 117 je ne reconnoiſſois plus ni le Soleil, ni le

1060 2330 1346 98 Ciel, ni les autres aſtres que je voyois, &

1064 2404 1342 105 ils me paroiſſoient tous plus petits que

1064 2486 1350 101 ceux de notre Firmament; de ſorte que je

1068 2568 1346 97 me perſuadai, ou que toute la machine de

1068 2646 1350 97 ce Ciel que j’avois devant mes yeux n'exi¬

1068 2720 1346 101 ſtoit que dans mon cerveau égaré, & n’é¬

1068 2802 1350 97 toit que l’effet de mon imagination trou¬

1072 2880 1338 105 blée ou qu’ayant perdu la vie, je me trou¬

1076 2946 1342 113 vois dans le ſéjour des Bienheureux.

1072 3036 1346 109 Cette derniére penſée me faifoit rire, lors¬

1076 3121 1350 102 que je me voyois armé de mon croc, &

1072 3199 1358 102 traînant après moi un bout de corde qui

1076 3277 1354 98 reſſembloit á une queuë, ſachant bien

1076 3351 1350 109 qu’on n’alloit pas en Paradis dans un pa¬

1657 3449 164 101 A 4

2285 3443 148 84 reil
