3584 5696
1433.0 322.0 1234.0 162.0 PREFACE.

854.0 488.0 2373.0 143.0 l’Empire du Negus, ou Pretejan d’Ethiopie, qui eſt dans une partie

849.0 602.0 627.0 110.0 de cette étenduë.

958.0 659.0 2279.0 152.0 Mais la deſcente qui ſe fait en des lieux où les hommes de l'an¬

854.0 768.0 2369.0 138.0 cien Monde n’ont jamais mis le pied, eſt ſans doute de beaucoup

854.0 854.0 2378.0 133.0 plus grande conſideration. Or outre ce qui reſte à découvrir vers

854.0 958.0 2378.0 114.0 noſtre Pole Arctique, les Geographes font voir que du coſté de

849.0 1039.0 2378.0 128.0 l'Antartique il y a la Terre Auſtrale, qui eſt une cinquiéme Partie du

849.0 1134.0 2388.0 119.0 Globe terreſtre, où l’on n’a point encore penetré, & qui n’eſt gueres

849.0 1234.0 2388.0 109.0 moins grande toute ſeule, que les quatre autres enſemble qui nous

849.0 1319.0 2378.0 114.0 ſont desja connuës. En effét nous n’avons approché de plus prés

849.0 1395.0 2374.0 133.0 le Midy que vers le Deſtroit du Maire entre le 58. & le 59. degré;

844.0 1499.0 2393.0 119.0 ſi non qu’en l’an 1599. un de nos Vaiſſeaux Hollandois fut porté

849.0 1594.0 2388.0 110.0 par la tempeſte juſques au 64. où il découvrit de fort hautes mon¬

849.0 1680.0 2388.0 109.0 tagnes couvertes de nege. Et l’on ſçait que du coſté de la Nouvel¬

844.0 1770.0 2393.0 109.0 le Guinée, auſſi bien qu’où les Chartes nous marquent le Cap de

854.0 1846.0 2388.0 128.0 Beach, il y a des eſpaces preſque depuis la Ligne Equinoctiale juſ¬

844.0 1955.0 2398.0 100.0 ques au Pole, dont nous n’avons pas la moindre connoiſſance. Si

849.0 2036.0 2393.0 118.0 eſt-ce qu’on ne doit point douter qu’ils ne ſoient habités, & méme

844.0 2112.0 2398.0 128.0 que comme nous avons deça des Peuples Hyperborées, il n'y en ait d’au¬

844.0 2216.0 2398.0 114.0 tres qu’on peut nommer Hypernoties, pour uſer des propres termes

844.0 2306.0 2398.0 119.0 d’Herodote: Car tant s’en faut que la Terre ſoit inhabitable ſous les

844.0 2392.0 2388.0 137.0 Poles, que l’air y doit eſtre plus temperé qu’en beaucoup d’autres lieux.

844.0 2492.0 2388.0 118.0 Les raiſons de cela ſe prennent du peu de mouvement des Cieux

844.0 2577.0 2388.0 123.0 en ces endroits là; de la demeure continuelle qu'y fait le Soleil

844.0 2672.0 2393.0 114.0 pendant ſix mois; du peu d’obſcurité qu’il y a en forme de crepuſ¬

844.0 2762.0 2393.0 109.0 cule ſeulement durant les ſix autres; de la lumiere Lunaire qui s’y

844.0 2829.0 2398.0 132.0 void la pluſpart du temps; & ſur tout du peu d'époiſſeur de l'om¬

840.0 2928.0 2406.0 128.0 bre de la nuict, qui par conſequent n’y rafraiſchit pas comme ſous

840.0 3014.0 2397.0 133.0 l’Equateur, où l’on ſçait que les nuicts ſont plus froides que par

840.0 3123.0 2402.0 109.0 tout ailleurs, à cauſe qu’elles ſont produites par l’ombre époiſſe de

840.0 3213.0 2397.0 114.0 tout le Diametre de la Terre. Mais ce n’eſt pas icy le lieu d’entrer

835.0 3298.0 2407.0 129.0 plus avant dans ces conſiderations. Il importe aux Grands Princes

835.0 3393.0 2411.0 114.0 d’aviſer par quels expediens on peu faciliter la découverte de ces

844.0 3488.0 2398.0 114.0 païs tout à fait étranges, & rendre plus connus ceux qui ne le ſont

844.0 3569.0 2398.0 138.0 qu’à demy, ou pour le moins dont nous ignorons l’eſtat preſent,

835.0 3664.0 1847.0 128.0 avec la façon dont ils ſont aujourd’huy gouvernés.

925.0 3749.0 2317.0 129.0 Pour ce qui concerne l’Europe, il n’en reſte que les parties les plus

840.0 3849.0 2397.0 114.0 proches du Pole à découvrir. Car nous ſçavons par les Relations

835.0 3939.0 2397.0 114.0 de ceux de nos Provinces, qu’ils ont eſté juſques au 83. degré,

844.0 4006.0 2388.0 133.0 voir juſques au 88. Mais il y a ſi peu de profit à eſperer de ce coſté

840.0 4120.0 2387.0 118.0 là, hors celuy qui peut venir du paſſage qu’on cherche vers la Mer

840.0 4215.0 2392.0 109.0 de la CHINE, qu’il n’y a point de navigation, où les matelots ſe

844.0 4300.0 2383.0 114.0 portent moins volontiers qu’à celle du Nord. Et l’on eſt ſi peu

844.0 4395.0 2383.0 109.0 informé de ce grand païs de Groenlande, qu’on doute s’il fait enco¬

844.0 4471.0 2383.0 138.0 re partie de la terre habitable, ou ſi la Mer ne l’a point englouti.

844.0 4556.0 2383.0 143.0 Car c’eſt choſe certaine que la pluſpart des Pilotes ne la trouvent

840.0 4656.0 2387.0 199.0 plus, quand ils ſont ſous ſa hauteur, ou comme ils diſent dans ſon

3009.0 4775.0 214.0 137.0 para¬
