3537 5688
919 559 81 85 8

1109 530 1906 119 L'AMBASSADE DE LA C.Oʳ. DES PROV. UNIES

915 625 2342 133 riens de la puiſſance des Anciens ? Les Perſes avec 800. Galeres defirent Hiſtæus

915 696 2328 138 Prince des Mileſiens, & Ariſtagoras. Mardonius envoyé par Darius pour ſubjuguer

915 763 2337 142 les Atheniens perdit en une tempeſte plus de 300. Galeres. Darius faiſant peu de

919 853 2338 118 cas de cette diſgrace, fit equiper à la haſte 600. autres Galeres, ſur leſquelles il em¬

910 919 2347 133 barqua plus de deux cens mille hommes, qui furent entierement desfaits à Mara¬

915 1000 2351 132 thon par Miltiades. Xerxes fils de Darius voulant porter la terreur, ou l’obeïſſance

905 1066 2366 142 par toute l’Europe auſſi bien que dans la Grece, fit alliance avec les Carthaginois

905 1142 2366 128 qui luy fournirent 200. vaiſſeaux & trois cens mille hommes, & en leva dans ſes pro¬

900 1222 2371 119 pres terres huit cens mille autres, equipa douze cens Galeres, huit cens cin¬

905 1298 2366 119 quante Hyppogognes (vaiſſeaux deſtinez à potrer des chevaux) outre trois milles

905 1369 2366 124 autres Navires; de ſorte qu’il y avoit dans la ſeule armée de ce Monarque cinq mil¬

900 1431 2376 147 lions deux cens trente-cinq mille deux cens vingt & deux perſonnes, dont la plus¬

900 1521 2376 128 part furent ruinées par Themiſtocles. Peu de temps apres Cimon fils de Miltiades

900 1597 2380 114 avec une flotte de 250. Navires defit proche de Cypre 340. vaiſſeaux des perſes, &

900 1668 2380 123 les fit condeſcendre par un autre combat plus ſanglant à des conditions tres-hon¬

900 1749 2385 123 teuſes. Les Atheniens apres la mort de Cimon equiperent 400. Galeres, leſquelles

900 1820 2385 113 furent battuës par les Lacedemoniens. Alexandre le Grand apres avoir mis en de¬

915 1891 2370 118 route, toute l’armée de Darius compoſée de cinq cens mille hommes, & avoir ſubju¬

900 1962 2390 133 gué toute la Perſe 333. avant la naiſſance de N. S. dreſſa auſſi une puiſſante armée

915 2042 2370 128 navale compoſée de 1200. Galeres conduites par Nearchus, Oneſicrite, Beton,

905 2109 2390 137 Diognet & autres genereux Capitaines, par les ſoins deſquels il découvit la pluſpart

905 2185 2390 123 de l'Orient, & arbora ſes étendars dans l’Inde. En méme temps il rompit la Flotte de

910 2251 2380 133 Memnon en la Mediterranée; les Macedoniens deffirent les Grecs, & les Atheniens

910 2336 2380 128 furent contraints de recevoir les loix d’Antipater, & de Nicanor, apres avoir veu la

905 2417 2394 123 ruine de leurs flottes. Les Romains, & les Carthaginois également ambitieux, &

915 2488 2375 119 inſatiables, à qui leurs Oracles avoient promis l’Empire de toute la terre, equipe¬

919 2569 2376 113 rent à diverſes repriſes des prodigieuſes Flottes, pour voir qui emporteroit le deſ¬

919 2640 2380 128 ſus, à la fin ceux-cy furent reduits aux extremitez, & contraints apres avoir ſouffert

915 2711 2384 123 la faim, & la ruiné de leur Ville de ſouffrir la ſervitude. Pompée donna la chaſſe à

915 2796 2389 123 tous les Pyrates, qui incommodoient le negoce des Romains, avec une Flotte de

924 2877 2380 109 500. Vaiſſeaux, ſur leſquels il y avoit ſix vingts mille hommes. Le dernier des en¬

919 2953 2385 113 fans de Pompée, qui s’eſtoit ſauvé de la bataille qu’il avoit perduë en Eſpagne con¬

915 3033 2394 100 tre Jules Ceſar, renoüant les pieces de ſon naufrage, ſe rendit ſi redoutable par le

929 3104 2375 114 grand nombre de vaiſſeaux qu’il ramaſſa en picorant ſur l’Ocean, que les Gouver¬

919 3180 2395 104 neurs que Ceſar avoit laiſſés en Eſpagne ne ſceurent jamais le defaire. Depuis Au¬

924 3251 2385 109 guſte vint ſouvent aux priſes avec luy, meſme à la teſte de mille Navires, & huit

919 3332 2395 104 cens Galeres, mais avec fort peu de ſuccés. Peu de temps apres Antoine ſecondé

919 3408 2395 109 des flottes d’onze Rois compoſées de 800. Vaiſſeaux attaqua vigoureuſement la

919 3474 2399 109 Flotte d'Auguſte compoſée ſeulement de 400. Vaiſſeaux de combat, mais il apprit

924 3550 2385 118 par l’entiere ruine de ſes Navires (qui eſtoient comme autant de Chaſteaux flotans,

924 3626 2404 109 ou villes fortes) que la vertu ne fut contrainte de ſe ſoûmettre à la force, & que les

915 3697 1612 118 plus grands partis ne ſont pas tousjours les plus heureux.

1000 3773 2318 109 Diodore dit que Starobates Roy de l’Inde (mentionné cy devant) oppoſa à Semi¬

929 3848 2389 109 ramis quatre mille Vaiſſeaux. Trebellius Pollio aſſeure que l’Empereur Claude a

934 3934 2380 113 laiſſé par eſcrit que dans la Flotte des Gots qu’il fit couler à fond dans la Mer Adria¬

934 4010 2384 104 tique, on auoit conté deux mille Vaiſſeaux de toutes ſortes. L’armée que Baſiliſcus

938 4081 2371 104 employa contre Genſeric, eſtoit de mille Vaiſſeaux, au dire de Nichephore. Pen¬

938 4156 2376 114 dant qu’Alaric pilloit Rome, le Conſul Eraclianus dreſſa en Afrique une flotte de

948 4242 2361 109 3070. Vaiſſeaux, au rapport de Freculphus au tom.2. l.5. c.17. Ceux de Dannemarc,

948 4318 2356 109 comme eſcrit Saxo l.9. en ont dreſſé autresfois une de mille ſept-cens Vaiſſeaux,

943 4384 2361 104 auſquels commandoient les enfans de leur Roy Regnerus. Il fait encore mention

943 4455 2366 119 d’une autre, qu’il fait monter à un ſi prodigieux nombre que cela me le fait couler

943 4536 2366 109 ſous le ſilence. Celle fur laquelle Ringo fit paſſer à ſon Armée le Detroit d’Ore¬

938 4612 1731 104 ſunte, ſe montoit à 2500. Vaiſſeaux, dit le meſme Saxo, l.8.

1024 4678 2285 114 Bref, ſi c’eſtoit mon but, de faire un volume de ce chapitre, je vous pourrois rap¬

948 4758 2370 124 porter icy deux mille autres batailles de ces peuples, qui par leur foreſt de vaiſſeaux

943 4839 2371 104 ſembloient eſtre ſuffiſans de maiſtriſer l'Univers. Je le finiray donc en diſant que

952 4924 2357 109 nos Anciens Gaulois, Bataves, & François, ne furent moins puiſſans que les prece¬

948 4986 2370 161 dens, puiſque les Hiſtoires nous enſeignent que par leur generoſité & leur zele ils

689 666 154 59 Armées

673 720 226 60 prodigieu¬

668 767 247 76 ſes sur Mer.

3143 5081 166 128 plan¬
