3551 5696
854 588 57 114 2

1096 541 1880 142 L'AMBASSADE DE LA C.Oʳ. DES PROV. UNIES

845 655 2359 104 dans la gourmandiſe, & dans l'impudicité. Je ſçais encore que Seneque, & quel¬

854 716 2340 128 ques autres diſent que la plante qui eſt ſouvent tranſportée de lieu en autre, rare¬

854 811 2340 109 ment porte des fruits; que la viande embraſſée par l’eſtomach avec peu de loiſir ne

859 887 2345 105 ſe digere pas; que les remedes qu’on change perpetuellement l’un ſur l’autre ne

849 958 2355 114 font que tuer un corps; & que la playe qu’on irrite ſans ceſſe, n’a garde de ſe rejoin¬

849 1030 2360 99 dre, non plus ni moins que celui qui voyage aſſiduëment ne devient jamais habile

854 1110 2359 100 homme. Mais ſemblables opinions ſont à mon avis mal fondées, veu que nous ap¬

859 1181 2354 105 prenons de nos Hiſtoires que la naiſſance, & l’afférmiſſement des plus grands Em¬

849 1253 2369 114 pires ne viennent que de la connoiſſance qu’ils ont eu des loix, & des habitudes

845 1324 2368 109 des étrangers. Lycurge méme n’ût jamais appris le meſtier d’aſſortir de ſi bonnes

845 1395 2373 109 regles de police ſon Eſtat, s’il n’en ût emprunté quelques-unes de Crete, de l’Aſie, &

845 1476 2373 104 de l’Ægypte qu’il avoit viſité. Les Grecs & les Romains mieux aviſez que les Spar¬

845 1552 2378 99 tes & les Laconiens jugerent que pour eterniſer leur noms, il falloit qu’ils parcou¬

845 1623 2378 104 ruſſent les mers, & s’ouvriſſent le chemin des Païs étrangers; & non de merveille

849 1694 2369 114 ſi ces derniers apporterent tant de ſoin à faire dreſſer exactement des Itineraires,

854 1765 2374 119 qui puſſent conduire avec toute aſſurance les Voyageurs juſques aux dernieres ter¬

849 1860 494 90 res de l'Univers.

854 1898 2378 138 Herodote, qui naſquit l'an 481. avant la naiſſance de Jeſus Chriſt, rapporte que

864 1984 2368 123 Necho Roy d'Egypte (qui regnoit 605. avant l’Incarnation de Chriſt) deſireux d'é¬

849 2064 2393 119 tendre les limites de ſon domaine, s’addonna à la connoiſſance de la marine, &

854 2136 2383 113 qu’ayant fait ceſſer le canal qu’il avoit commencé à faire tirer depuis le Nil juſques

854 2211 2383 124 au Golphe Arabique, dépecha une flotte de Phœniciens, auſquels il commanda de

854 2292 2383 119 revenir en Egypte par la Mer Mediterranée. Ces peuples donc ayans levé les an¬

854 2354 2388 119 cres de la Mer Auſtrale, & l’Automne eſtant venu, prirent terre, Iabourerent, &

864 2430 2378 123 ſemerent quelque territoires, & y ſejournerent juſques à ce qu'ils ûrent recueil¬

859 2506 2388 128 ly du bled ſuffiſamment pour achever leur voyage. Et s’eſtans remis ſur Mer, &

864 2586 2387 110 conſommé deux ans entiers à coſtoyer la Lybie, arriverent aux Colomnes d’Hercu¬

859 2662 1581 114 le, & de là revinrent en Egypte ſur la troiſiéme année.

930 2734 2321 114 Peu apres ce méme Autheur dit que les Carthaginois ſuivirent la méme piſte, &

864 2800 2383 123 qu’un certain Sataſpes eſtant condamné à eſtre cruicifié pour avoir ravi l'honneur de

864 2871 2392 133 la fille de Zophyrus, ſa peine luy fut changée par Xerxes, en une navigation qu’il

864 2961 2397 119 luy ordonna de faire depuis l’Egypte par les Colomnes d’Hercule juſques au ſein

864 3047 327 104 Arabique.

935 3099 2316 133 De plus, il nous aſſeure que Darius ayant envie de ſçavoir, où & en quelle Mer

864 3189 2397 114 le Fleuvre Indus ſe déchargeoit, enuoya un certain Scylax avec des perſonnes, de

864 3260 2397 133 la fidelité deſquelles il ne pouvoit douter, & qu’eſtans devalez par cette riviere, en¬

859 3336 2402 124 trez qu’ils furent en Mer, reconnurent exactement toutes les coſtes, & revinrent

864 3403 2402 138 par le ſein Arabique trente mois apres leur depart: ce qui aida grandement à Darius

864 3493 1576 109 à ſubjuguer l’Inde, & à ſe rendre le maiſtre de la Mer.

939 3545 2331 138 Pline, qui eſtoit homme de Mer, General de l'Armée navale, que les Romains

864 3626 2392 133 avoient à Miſene a tres-ſoigneuſement remarqué tous ceux qui avoient eſté porté,

873 3697 2393 124 ou trouvé quelque choſe utile à la Marine. C’eſt luy qui nous aſſeure que les Vaiſ¬

883 3778 2373 133 ſeaux dont les Anglois ſe ſervoient de ſon temps eſtoient d’ozieres, couverts de

868 3849 2393 133 cuir; Que ceux du Nil ſe faiſoient de papier d’Egypte, de joncs & de roſeaux: Que

873 3925 2393 128 ce fut le Roy Erytra qui ſe ſervit le premier de radeaux pour traverſer la Mer Rouge

878 4006 2392 128 ou bien ceux de Troye, lors qu’ils paſſerent l’Heleſpont, pour porter leurs armes

878 4082 2388 123 en Thrace: Que Jaſon fit le premier les navires longs: Que Damaſtes trouva l’in¬

883 4148 2378 142 vention des Galeres, deſquelles divers multiplierent les rames juſques à 50. rangs,

883 4234 2387 132 bien que les Copes ayent les premiers inventé l’uſage de la Rame, & que les Plates

883 4305 2383 128 leur donnerent une largeur ſortable: Que ce fut Icarus qui trouva l’uſage des voi¬

883 4381 2378 137 les; Dedalus les Maſts & les Antennes; les Tyrrheniens l’ancre; Anacharſis les Har-

892 4457 2359 142 pons; les Atheniens les mains de fer; Typhis le Gouvernail, & les addreſſes pour

887 4523 2379 157 gouverner; & que Minos fut le premier qu parut ſur Mer avec une Flotte de Vaiſ¬

892 4637 679 109 ſeaux armée en guerre.

954 4675 2316 138 Il dit encore que ſous Auguste on envoya une Flotte qui coſtoya l’Allemagne &

897 4756 2364 142 les Cimbres, & vit, & reconnut cette vaſte Mer juſques en Scythie: Que de ſon

892 4827 2364 142 temps on navigeoit en la partie Meridionale de la Mauritanie: Qu’Alexandre avoit

892 4912 2364 147 fait reconnoitre la Mer Orientaſe juſqu'au ſein Arabique: Que du regne de Cajus

887 4974 2374 195 Ceſar on trouva dans ce méme ſein le debris de quelques Vaiſſeaux Eſpagnols:

617 1941 194 104 Herodote

635 2016 219 67 Livre  4. en

607 2063 195 115 ſa Melp.

654 3605 219 154 Pline en ſon

656 3663 203 98 L.7 Ch.56

650 3707 81 109 &tc.

665 4719 156 93 Livre 2.

659 4759 153 115 Ch.67.

3128 5075 114 108 Que
