3576 5688
867.0 535.0 57.0 147.0 6

1100.0 497.0 1864.0 171.0 L'AMBASSADE DE LA C. Oʳ. DES PROV. UNIES

929.0 653.0 2277.0 100.0 Du depuis les Grecs, quoy que victorieux, ayans fait naufrage en leur retour, &

872.0 720.0 2329.0 109.0 perdu la pluſpart de leurs vaiſſeaux, & Agamemnon ayant eſté tué malheureuſe¬

872.0 791.0 2334.0 109.0 ment dans le ſein de ſa femme; les Lydiens, Meoniens, & ceux de Chio, voiſins

872.0 862.0 2334.0 114.0 des Troyens, ſe fortifierent ſur Mer, & s’y rendirent ſi redoutables, & ſi puiſſans,

858.0 938.0 2357.0 109.0 qu'au recit d’Euſebe, ils hauſſerent le pavillon, devant lequel un chacun caloit les

863.0 1009.0 2357.0 109.0 voiles, & ſe maintinrent en cét eſtat prés de cent ans, juſques à ce que les Grecs

867.0 1080.0 2339.0 114.0 Pelagiens (qui demeuroient en la rive oppoſée ſur les extremités de la Macedoine,

863.0 1161.0 2347.0 114.0 & les bords de la Theſſalie) emporterent cét honneur apres avoir remporté ſur

858.0 1222.0 2352.0 124.0 leurs ennemis pluſieurs victoires, & le conſerverent vaillamment l’eſpace de 85.

863.0 1317.0 2362.0 109.0 ans, ſelon l’opinion d’Euſebe, mille ans avant la naiſſance de Chriſt, lors que Salo¬

867.0 1384.0 755.0 109.0 mon commença à regner.

934.0 1455.0 2295.0 113.0 Le méme Euſebe tranſporte aprés tout le Commerce, la Navigation, & Seigneu¬

858.0 1535.0 2357.0 109.0 rie de la Mer en Thrace, c’eſt à dire en la Coſte Septentrionale de la Mer Egée, où

867.0 1616.0 2358.0 95.0 elle dura 89. ans, ſi nous croyons Caſaubon en ſes Notes ſur Polybe, ce quil tombe¬

867.0 1673.0 2358.0 109.0 roit ſous le regne de Jeroboan, environ l’an du Monde 2969. Quelque temps au¬

858.0 1753.0 2362.0 119.0 paravant David fit baſtir une Flotte de Vaiſſeaux à Achana ville d'Arabie, laquelle

867.0 1824.0 2362.0 114.0 il envoya tous les ans en l’Iſle d’Urphen, ſituée en la Mer Rouge, pour en rappor¬

872.0 1905.0 2357.0 104.0 ter en Judée une grande quantité d’or; & non de merveille (diſent Eupolemus &

863.0 1967.0 2362.0 123.0 Euſebe) s'il laiſſa à ſon fils Salomon pour la ſeule edification du Temple cent mille

863.0 2057.0 2366.0 109.0 talents d’or, & mille mille talents d’argent, outre un tres grand nombre de pierres

877.0 2133.0 2357.0 104.0 precieuſes de toutes ſortes (laquelle ſomme revient à trois mille millions d’or à no¬

867.0 2189.0 2367.0 114.0 ftre acon de conter) & s’il fit enfermer dans ſon Sepulcre, qui comprenoit huit

867.0 2284.0 2030.0 104.0 cellules, ſelon Comeſtor, encore une pareille, ou plus grande ſomme.

948.0 2351.0 2286.0 113.0 Salomon ayant receu de Dieu le pretieux threſor de la Sageſſe, luy voulant ren¬

872.0 2417.0 2353.0 118.0 dre ſes devoirs, jetta les fondemens d'un Temple qu’il projetta de faire le plus ad¬

863.0 2493.0 2362.0 114.0 mirable qui jamais fut veu en terre, & rendre ſon peuple le plus riche, & le plus aiſé

863.0 2578.0 2376.0 100.0 qui pour lors fut au monde, au lieu de le charger de tailles & de gabelles à l’imita¬

863.0 2654.0 2376.0 104.0 tion de ſon pere David. Et ainſi il delibera par le moyen de la Navigation de trans¬

863.0 2716.0 2381.0 128.0 porter en ſon païs tout ce qu'il y avoit de riche, & de rare connu parmi l'Univers.

863.0 2796.0 2376.0 123.0 A cette occaſion, il tint grand cas des Tyriens, les meilleurs Navigateurs de ſon

863.0 2881.0 2381.0 105.0 ſiecle, qui ne trafiquoient pas ſeulement ſur la Mediterranée, mais encore par tout

863.0 2953.0 2381.0 118.0 l'Orient, par le moyen des Flottes qu’ils tenoient ſur la Mer rouge és ports de l’Idu¬

863.0 3028.0 2376.0 119.0 mée, quoy que ſujette aux Rois de Juda. Il choiſit pour ſon Arcenal de la Marine,

867.0 3104.0 2381.0 123.0 Joppe pour la Mediteranée, & Aſiongaber ſur la Mer rouge, pour les voyages

872.0 3175.0 2362.0 124.0 d’Ophir. Ce qui l’obligea de preferer ce lieu à tout autre, fut la quantité de bois

863.0 3256.0 2381.0 128.0 propre à baſtir des Vaiſſeaux, qui s’y trouvoit fort à propos. Ayant donc fait faire

863.0 3336.0 2385.0 105.0 en ce lieu pluſieurs Navires, & n’ayant aſſez de gens pour les equiper, il en em¬

867.0 3398.0 2372.0 133.0 prunta du Roy Hiram, voire fit tant que les Flottes des Tyriens, & des Phœniciens

863.0 3469.0 2385.0 119.0 allerent de compagnie tous les ans en Ophir avec la ſienne. Sa curioſité eſtoit ſi

872.0 3550.0 2372.0 123.0 grande qu’il vouſoit luy méme voir ſa Flotte avant que de partir, & ſe tranſportoit

867.0 3626.0 2377.0 128.0 pour ce ſujet en Aſiongaber, & inſtruiſoit amplement les Pilotes, & Mariniers de

863.0 3701.0 2381.0 124.0 ſon deſſein, & de tout ce qui pouvoit leur eſtre utile pour faire une heureuſe Navi¬

867.0 3768.0 2381.0 137.0 gation, leur declarant en vertu de la ſageſſe, & connoiſſance de toutes choſes qu’il

867.0 3853.0 2372.0 119.0 avoit receuë de Dieu, quels vents regnoient en châque ſaiſon par toutes les plages,

872.0 3934.0 2367.0 118.0 le moyen, & l’induſtrie de s’en ſervir avec avantage, les vertus, & propriétés ad¬

872.0 3995.0 2376.0 128.0 mirables de l’Aimant, la façon de ſe conduire par tout par le moyen de la Bouſſole

867.0 4076.0 2381.0 133.0 (qui n’eſt pas une invention des derniers ſiecles comme aucuns diſent) les courants

858.0 4152.0 2390.0 132.0 qui ſe trouvent en divers endroits, les rades où ils pourroient s’arreſter, & faire

863.0 4237.0 2385.0 109.0 aiguade, la qualité & condition des lieux où ils devoient aborder. Bref, il n’oublia

863.0 4313.0 2376.0 109.0 rien de ce qui pouvoit leur donner quelque addreſſe, ou ſoulagement; ſa ſageſſe,

867.0 4384.0 2377.0 114.0 & la connoiſſance qu’il avoit puiſée du Ciel luy fourniſſant, & ſuggerant tout ce

872.0 4465.0 2357.0 123.0 qui eſtoit neceſſaire en cette matiere, de ſorte qu’il ne faut s’étonner ſi leurs voya¬

872.0 4526.0 2357.0 142.0 ges eſtoient ſi heureux, que ſans manquer il partoit tout les ans une flotte & en re¬

863.0 4597.0 2381.0 138.0 venoit un autre, qui luy rapportoit plus de ſix cens talents d'or, & toute ſorte de

863.0 4692.0 2376.0 119.0 bois exquis, yvoire, & choſes ſemblables, outre que les phœniciens, & autres mar¬

863.0 4768.0 2371.0 109.0 chands apportoient pour eux. Le bonheur qui accompagna touſiours cette Flotte,

877.0 4830.0 2352.0 132.0 ſans que nous ſachions que jamais il ſoit arrivé quelqude malheur à aucun des Vaiſ¬

877.0 4910.0 2352.0 142.0 ſeaux, fait que nous ne pouvons douter des inſtructions qu’il leur donnoit, & don¬

867.0 4977.0 2367.0 199.0 ne occaſion de croire que tout l’ordre, connoiſſance, & police Navale qui depuis

645.0 678.0 238.0 73.0 Ceux de Chio

645.0 729.0 229.0 78.0 puiſſans ſur

649.0 789.0 92.0 52.0 Mer.

640.0 1127.0 232.0 75.0 Puis les Pe¬

640.0 1176.0 152.0 89.0 lagiens.

630.0 1474.0 157.0 99.0 Delà le

630.0 1540.0 192.0 76.0 commerce

635.0 1602.0 149.0 66.0 alla en

621.0 1658.0 171.0 86.0 Thrace.

626.0 1778.0 202.0 57.0 Flotte de

640.0 1837.0 133.0 73.0 David

625.0 2032.0 242.0 67.0 d'où ſes ri¬

630.0 2094.0 152.0 62.0 cheſſes.

634.0 2378.0 248.0 72.0 Salomon ca¬

621.0 2424.0 256.0 74.0 reſſe les Tyr¬

630.0 2482.0 247.0 65.0 riens à cau¬

636.0 2531.0 193.0 66.0 ſe de leur

621.0 2583.0 180.0 95.0 addreſſe.

630.0 3227.0 237.0 83.0 Arcenal de

630.0 3305.0 195.0 107.0 Salomon.

3134.0 5048.0 95.0 128.0 fut
