3571 5642
776.0 545.0 1487.0 132.0 VERS L’EMPEREUR DE LA CHINE.

2606.0 594.0 88.0 106.0 7

357.0 658.0 2296.0 117.0 fut gardée par les Mariniers, vient originairement de Salomon, & c’eſt l’Opinion

352.0 738.0 1012.0 103.0 de Pineda au l.4. de rebus Salomonis.

418.0 794.0 2230.0 118.0 Les Rhodiens devinrent peu aprés ſi puiſſans ſur Mer, que les Thraces furent

357.0 874.0 2305.0 113.0 contraints de leur ceder, ſelon Strabon, qui dit que Rhodes fur fort long temps

352.0 954.0 2296.0 113.0 Maiſtreſſe de la Mer, & qu'elle la nettoya de Pirates, & ſe conſerva tousjours en l'a¬

348.0 1024.0 2319.0 109.0 mitié des Romains, & des autres Rois, qui la laiſſerent vivre en ſa liberté avec des

348.0 1090.0 2324.0 123.0 prerogatives tres-honnorables; en ſorte qu’il faut que toutes les Nations confeſſent

348.0 1170.0 1769.0 118.0 que toutes les meilleures Loix Navales ſortent de ſes murailles.

409.0 1245.0 2244.0 113.0 Les Phrygiens, au dire d’Euſebe, ſuivirent les Rhodiens, & tinrent l'Empire de la

334.0 1321.0 1627.0 103.0 Mer 25. ans. Ce qui arriva environ le temps de Licurgue.

414.0 1391.0 2239.0 104.0 Les Cypriots vinrent aprés, furent Maiſtres à leur tour, & redoutables un peu

329.0 1466.0 1105.0 118.0 plus de 20. ans du regne du Roy Joas.

404.0 1542.0 2244.0 108.0 Les Phœniciens eurent auſſi pour quelque temps la Seigneurie de la Mer: & bien

329.0 1617.0 2324.0 94.0 qu’Euſebe ne les mette que les ſeptiémes en ordre, il n'y a toutesfois aucune Na¬

329.0 1692.0 2352.0 94.0 tion, des Navigations de laquelle il ſoit faite plus ancienne, & plus honnorable

329.0 1763.0 2348.0 103.0 mention dans les Eſcritures Saintes ou profanes que de ces Peuples. Ce ſont (diſent

334.0 1838.0 2338.0 103.0 aucuns) les plus anciens Mariniers du monde: de tout temps (diſent quelques autres)

329.0 1904.0 2343.0 113.0 ils ont ſecouru de Navires, de Chefs, & de Matelots, tous les Eſtats qui en ont eu

329.0 1979.0 2343.0 113.0 beſoin. Ce ſont eux qui ont ouvert le trafic, qui ont entrepris les voyages de long

329.0 2064.0 2338.0 98.0 cours, ſe jettans en Mer, ſe conduiſans par la hauteur, & par l’aſpect des Aſtres,

334.0 2134.0 2343.0 108.0 ſans ranger les coſtes, comme faiſoient tous les autres. Bref, ce ſont eux qui ont

329.0 2200.0 2343.0 108.0 envoyé des Peuplades, & Colonies en toute les parties du monde, ſpecialement à

338.0 2266.0 2324.0 117.0 Utique, Lepte, & en divers autres endroits de l’Afrique, de l’Egypte, de la Grece,

329.0 2346.0 2343.0 103.0 & des Eſpagnes, & ſur tout qui ont fondé la ville de Carthage qui par ſon commer¬

319.0 2421.0 2362.0 94.0 ce ſe rendit à la fin ſi belle, & ſi redoutable, qu’elle donnoit à toutes les autres vil¬

334.0 2482.0 2338.0 118.0 les de l'admiraton & de la crainte, juſques à la que ſa puiſſance égala celle des

324.0 2571.0 1896.0 113.0 Grecs, & ſes richeſſes ne furent pas moindres que celles des Perſes.

381.0 2642.0 2277.0 108.0 l'Egypte ſucceda au pouvoir des Phœniciens environ les regnes des Rois Pſam¬

310.0 2717.0 2348.0 113.0 mide, & Bocchoride, qui precederent de fort peu le commencement des Olym¬

319.0 2788.0 217.0 117.0 piades.

376.0 2868.0 2286.0 108.0 Les Mileſiens ſe rendirent redoutables vers le temps de Romule, baſtirent Sino¬

319.0 2938.0 2353.0 108.0 pe dans le Pont Euxin, prirent les païs de la Colchyde le long du Phaſe, & ſe mon¬

315.0 3013.0 2362.0 104.0 ſtrerent fort coutrois & humains, particulierement envers ceux qui faiſoient nau¬

319.0 3098.0 2024.0 99.0 frage, leur donnant de l’argent pour ſe retirer au païs de leur naiſſance.

381.0 3136.0 2286.0 136.0 Les Cariens environ le regne d'Ezechias furent puiſſans, ſelon le rapport d'Euſe¬

310.0 3234.0 522.0 108.0 be & de Diodore.

381.0 3314.0 2277.0 108.0 Ceux de Phocée furent en credit environ le temps de la captivité de Babylone,

315.0 3399.0 1148.0 89.0 & retinrent leur pouvoir prés de 44. ans.

376.0 3460.0 2286.0 108.0 Ceux de Corinthe ſont connus d'un chacun. Thucydide en ſon livre I. dit mer¬

310.0 3530.0 2362.0 118.0 veile de leur puiſſance Navale, & du bon ordre qu’ils apporterent pour purger la

315.0 3596.0 461.0 113.0 Mer de Pyrates.

381.0 3653.0 2277.0 145.0 Les Joniens furent quelque temps Maiſtres de la Mer qui leur eſtoit voiſine, au

310.0 3751.0 2357.0 104.0 rapport de Thucydide en ſon livre 1. Et méme ils oſerent avec 263. Galeres atta¬

319.0 3836.0 2348.0 103.0 quer la Flotte du Roy Cyrus compoſée de 600. Galeres, apres la deroute de la¬

310.0 3897.0 2362.0 108.0 quelle ils mirent à feu & à ſang pluſieurs villes de Perſe & entr’autres celle de Sar¬

315.0 3982.0 1341.0 103.0 des; Mais à la fin ils furent humiliez par Darius.

376.0 4043.0 2263.0 113.0 Ceux de Naxos furent redoutés du temps de Cambyſes, comme auſſi les Egine¬

315.0 4128.0 889.0 108.0 tes, ſelon Euſebe, & Strabon.

385.0 4189.0 2282.0 117.0 Mais il faut remarquer que lors qu'Euſebe, ou autres Autheurs recitent que ces

310.0 4259.0 2357.0 122.0 Peuples, dont je viens de parler, ont obtenu l'Empire de la Mer certain temps, ce¬

305.0 4339.0 2357.0 118.0 la ne ſe doit pas entendre, comme ſi en effet ils ſe l’euſſent tellement renduë pro¬

310.0 4424.0 2352.0 108.0 pre, qu’il n'eut eſté permis aux autres Nations d’y voguer ſans leur permiſſion; Car

301.0 4499.0 2347.0 113.0 cela eut repugné au droit de Nature, & des Gents. Ils veulent donc ſeulement di¬

315.0 4574.0 2333.0 127.0 re que ce pouvoir attribué en divers temps à ces peuples ne conſiſtoit qu’en un cre¬

301.0 4649.0 2338.0 113.0 dit qu’ils acqueroient, pour avoir eu de bons vaiſſeaux, entretenu la liberté du ne¬

315.0 4725.0 2324.0 117.0 goce, & exterminé les Pyrates de leurs Coſtes, ſans toutesfois donner de la jalouſie

310.0 4800.0 2338.0 113.0 aux Princes voiſins, qui ſans doute les euſſent bien diſputez une telle ſouveraineté.

385.0 4866.0 2273.0 117.0 Que ne liſons nout pas encore dans Herodote, Pauſanias, Lyſias, Suidas, Dio¬

301.0 4941.0 2357.0 150.0 dore, Plutarque, Emilius, C. Nepos, Juſtin, Polybe, Zonaras, & autres Hiſto¬

2662.0 803.0 179.0 105.0 Rhodiens

2672.0 881.0 214.0 103.0 Maiſtres de

2662.0 926.0 137.0 94.0 la Mer

2663.0 1284.0 188.0 64.0 Puiſſance

2662.0 1339.0 191.0 55.0 Maritime

2653.0 1368.0 198.0 90.0 des Phry¬

2667.0 1424.0 113.0 77.0 giens

2644.0 1481.0 263.0 84.0 des Cypriots,

2672.0 1585.0 207.0 60.0 des Phœni¬

2677.0 1640.0 112.0 58.0 ciens.

2667.0 2670.0 184.0 89.0 des Egyp¬

2681.0 2754.0 104.0 85.0 tiens.

2658.0 2896.0 193.0 98.0 Mileſiens.

2667.0 3168.0 162.0 104.0 Cariens.

2662.0 3314.0 193.0 108.0 Phoceens.

2653.0 3455.0 245.0 127.0 Corinthiens.

2662.0 3700.0 160.0 108.0 Ioniens.

2653.0 4076.0 212.0 76.0 Naxoſiens,

2648.0 4152.0 245.0 74.0 & Eginetes.

2662.0 4537.0 151.0 58.0 En quoy

2653.0 4583.0 173.0 68.0 conſiſtoit

2648.0 4636.0 224.0 75.0 l'Empire de

2648.0 4691.0 234.0 67.0 la Mer chez

2648.0 4760.0 229.0 46.0 les Anciens.

2479.0 5030.0 174.0 146.0 riens
