3630 5704
1322.0 285.0 1223.0 142.0 EPISTRE.

637.0 413.0 2588.0 166.0 gnées s’en rejoüiſſent auſſi bien que les campagnes de l’Uni¬

637.0 532.0 2579.0 138.0 vers. J’en amene une de celles-là à vos pieds dans cét Ouvra¬

642.0 641.0 2583.0 167.0 ge, pour vous témoigner la joye qu’elle a de vos genereuſes

637.0 755.0 2593.0 157.0 Entrepriſes. Elle n’a jamais deu à aucun Miniſtre d’Eſtat ce

642.0 874.0 2588.0 147.0 qu'elle vous doit, & n’a jamais eſperé tant de Richeſſes, ni

637.0 983.0 2598.0 167.0 tant de Gloire, que ſous voſtre conduite. On reprocha au¬

651.0 1098.0 2584.0 147.0 tres-fois à la France, le peu de ſoin qu’elle apportoit aux Equi¬

647.0 1226.0 2592.0 138.0 pages des Armées navalles, à la commodité & ſeureté de ſes

651.0 1330.0 2588.0 148.0 Havres, aux Navigations de long cours, & à l’avancement

632.0 1440.0 2603.0 142.0 du Commerce. C’eſt avec l’admiration de toute l’Europe,

651.0 1582.0 2588.0 124.0 qu’elle ſe trouve aujourd’huy ſignalée par vos travaux, qu’el¬

647.0 1673.0 2597.0 142.0 le ſe voit pourveuë de bons Vaiſſeaux, qu’elle a des Ports aſ¬

656.0 1772.0 2598.0 162.0 ſurés, & qu’elle a des Magazins auſſi utiles aux Affaires du

656.0 1920.0 1660.0 133.0 Negoce qu’aux appareils de la Guerre.

756.0 2001.0 2498.0 157.0 Ce changement, MONSEIGNEUR, nous mar¬

651.0 2124.0 2603.0 143.0 que que voſtre Cœur eſt un des meilleurs que l’étude de la Sa¬

656.0 2234.0 2607.0 171.0 geſſe ait jamais formés: que vous avez un Eſprit également

661.0 2343.0 2597.0 166.0 grand & adroit, fort & delicat, ſolide & ſubtil, penetrant &

651.0 2462.0 2603.0 161.0 impenetrable; & qu’enfin il n’eſt point d’ardeur plus noble,

647.0 2590.0 2607.0 157.0 plus vive, & plus agiſſante, que celle que vous conſervez

661.0 2685.0 2550.0 171.0 pour le Salut de la Patrie, & le ſervice de Voſtre Souverain.

765.0 2794.0 2503.0 162.0 Mais de plus, MONGEIGNEUR, ce changement

651.0 2913.0 2617.0 152.0 eſt un effét de la Providence Divine, qui s’intereſſant dans

661.0 3042.0 2607.0 147.0 vos Deſſeins, fait voir en nos jours des merveilles accom¬

656.0 3146.0 2612.0 171.0 plies, que les Bons François ont ſouhaité ſi long-temps, mais

656.0 3260.0 2617.0 162.0 qu’ils n’ont jamais oſé eſperer, & auſquelles les plus Vaillans

661.0 3370.0 2612.0 156.0 Hommes de Mer n’ont pû arriver depuis deux Siecles, qu’ils

656.0 3488.0 2617.0 153.0 ont employé les forces de leur induſtrie, & fait joüer tous les

656.0 3612.0 2612.0 147.0 reſſorts de leur puiſſance, pour ſe faire reconnêtre les Arbi¬

661.0 3731.0 1931.0 142.0 tres du Trafic, & les Monarques de l’Ocean.

770.0 3821.0 2503.0 167.0 Sans doute, MONSEIGNEUR, c’eſt ce concert &

661.0 3954.0 2616.0 143.0 ce temperament merveilleux, à qui la France doit attribuer les

651.0 4059.0 2626.0 161.0 actions de graces, que SA MAJESTE' a receuës de toute la

656.0 4187.0 2617.0 143.0 Cour & méme des Provinces les plus éloignées, ſur le ſujet de

661.0 4301.0 2612.0 148.0 voſtre Promotion. Il ſembloit que vous fuſſiez de toutes les

661.0 4396.0 2607.0 176.0 Familles indifferemment. Il n’y avoit point d’honneſte per¬

647.0 4515.0 2626.0 167.0 ſonne, qui ne regardât voſtre Elevation, comme une Felicité

661.0 4653.0 2616.0 209.0 domeſtique, & je puis aſſurer, ſans m'avancer trop, que le

3025.0 4729.0 238.0 238.0 Roy
