3576 5688
867 535 57 147 6

1100 497 1864 171 L'AMBASSADE DE LA C. Oʳ. DES PROV. UNIES

929 653 2277 100 Du depuis les Grecs, quoy que victorieux, ayans fait naufrage en leur retour, &

872 720 2329 109 perdu la pluſpart de leurs vaiſſeaux, & Agamemnon ayant eſté tué malheureuſe¬

872 791 2334 109 ment dans le ſein de ſa femme; les Lydiens, Meoniens, & ceux de Chio, voiſins

872 862 2334 114 des Troyens, ſe fortifierent ſur Mer, & s’y rendirent ſi redoutables, & ſi puiſſans,

858 938 2357 109 qu'au recit d’Euſebe, ils hauſſerent le pavillon, devant lequel un chacun caloit les

863 1009 2357 109 voiles, & ſe maintinrent en cét eſtat prés de cent ans, juſques à ce que les Grecs

867 1080 2339 114 Pelagiens (qui demeuroient en la rive oppoſée ſur les extremités de la Macedoine,

863 1161 2347 114 & les bords de la Theſſalie) emporterent cét honneur apres avoir remporté ſur

858 1222 2352 124 leurs ennemis pluſieurs victoires, & le conſerverent vaillamment l’eſpace de 85.

863 1317 2362 109 ans, ſelon l’opinion d’Euſebe, mille ans avant la naiſſance de Chriſt, lors que Salo¬

867 1384 755 109 mon commença à regner.

934 1455 2295 113 Le méme Euſebe tranſporte aprés tout le Commerce, la Navigation, & Seigneu¬

858 1535 2357 109 rie de la Mer en Thrace, c’eſt à dire en la Coſte Septentrionale de la Mer Egée, où

867 1616 2358 95 elle dura 89. ans, ſi nous croyons Caſaubon en ſes Notes ſur Polybe, ce quil tombe¬

867 1673 2358 109 roit ſous le regne de Jeroboan, environ l’an du Monde 2969. Quelque temps au¬

858 1753 2362 119 paravant David fit baſtir une Flotte de Vaiſſeaux à Achana ville d'Arabie, laquelle

867 1824 2362 114 il envoya tous les ans en l’Iſle d’Urphen, ſituée en la Mer Rouge, pour en rappor¬

872 1905 2357 104 ter en Judée une grande quantité d’or; & non de merveille (diſent Eupolemus &

863 1967 2362 123 Euſebe) s'il laiſſa à ſon fils Salomon pour la ſeule edification du Temple cent mille

863 2057 2366 109 talents d’or, & mille mille talents d’argent, outre un tres grand nombre de pierres

877 2133 2357 104 precieuſes de toutes ſortes (laquelle ſomme revient à trois mille millions d’or à no¬

867 2189 2367 114 ftre acon de conter) & s’il fit enfermer dans ſon Sepulcre, qui comprenoit huit

867 2284 2030 104 cellules, ſelon Comeſtor, encore une pareille, ou plus grande ſomme.

948 2351 2286 113 Salomon ayant receu de Dieu le pretieux threſor de la Sageſſe, luy voulant ren¬

872 2417 2353 118 dre ſes devoirs, jetta les fondemens d'un Temple qu’il projetta de faire le plus ad¬

863 2493 2362 114 mirable qui jamais fut veu en terre, & rendre ſon peuple le plus riche, & le plus aiſé

863 2578 2376 100 qui pour lors fut au monde, au lieu de le charger de tailles & de gabelles à l’imita¬

863 2654 2376 104 tion de ſon pere David. Et ainſi il delibera par le moyen de la Navigation de trans¬

863 2716 2381 128 porter en ſon païs tout ce qu'il y avoit de riche, & de rare connu parmi l'Univers.

863 2796 2376 123 A cette occaſion, il tint grand cas des Tyriens, les meilleurs Navigateurs de ſon

863 2881 2381 105 ſiecle, qui ne trafiquoient pas ſeulement ſur la Mediterranée, mais encore par tout

863 2953 2381 118 l'Orient, par le moyen des Flottes qu’ils tenoient ſur la Mer rouge és ports de l’Idu¬

863 3028 2376 119 mée, quoy que ſujette aux Rois de Juda. Il choiſit pour ſon Arcenal de la Marine,

867 3104 2381 123 Joppe pour la Mediteranée, & Aſiongaber ſur la Mer rouge, pour les voyages

872 3175 2362 124 d’Ophir. Ce qui l’obligea de preferer ce lieu à tout autre, fut la quantité de bois

863 3256 2381 128 propre à baſtir des Vaiſſeaux, qui s’y trouvoit fort à propos. Ayant donc fait faire

863 3336 2385 105 en ce lieu pluſieurs Navires, & n’ayant aſſez de gens pour les equiper, il en em¬

867 3398 2372 133 prunta du Roy Hiram, voire fit tant que les Flottes des Tyriens, & des Phœniciens

863 3469 2385 119 allerent de compagnie tous les ans en Ophir avec la ſienne. Sa curioſité eſtoit ſi

872 3550 2372 123 grande qu’il vouſoit luy méme voir ſa Flotte avant que de partir, & ſe tranſportoit

867 3626 2377 128 pour ce ſujet en Aſiongaber, & inſtruiſoit amplement les Pilotes, & Mariniers de

863 3701 2381 124 ſon deſſein, & de tout ce qui pouvoit leur eſtre utile pour faire une heureuſe Navi¬

867 3768 2381 137 gation, leur declarant en vertu de la ſageſſe, & connoiſſance de toutes choſes qu’il

867 3853 2372 119 avoit receuë de Dieu, quels vents regnoient en châque ſaiſon par toutes les plages,

872 3934 2367 118 le moyen, & l’induſtrie de s’en ſervir avec avantage, les vertus, & propriétés ad¬

872 3995 2376 128 mirables de l’Aimant, la façon de ſe conduire par tout par le moyen de la Bouſſole

867 4076 2381 133 (qui n’eſt pas une invention des derniers ſiecles comme aucuns diſent) les courants

858 4152 2390 132 qui ſe trouvent en divers endroits, les rades où ils pourroient s’arreſter, & faire

863 4237 2385 109 aiguade, la qualité & condition des lieux où ils devoient aborder. Bref, il n’oublia

863 4313 2376 109 rien de ce qui pouvoit leur donner quelque addreſſe, ou ſoulagement; ſa ſageſſe,

867 4384 2377 114 & la connoiſſance qu’il avoit puiſée du Ciel luy fourniſſant, & ſuggerant tout ce

872 4465 2357 123 qui eſtoit neceſſaire en cette matiere, de ſorte qu’il ne faut s’étonner ſi leurs voya¬

872 4526 2357 142 ges eſtoient ſi heureux, que ſans manquer il partoit tout les ans une flotte & en re¬

863 4597 2381 138 venoit un autre, qui luy rapportoit plus de ſix cens talents d'or, & toute ſorte de

863 4692 2376 119 bois exquis, yvoire, & choſes ſemblables, outre que les phœniciens, & autres mar¬

863 4768 2371 109 chands apportoient pour eux. Le bonheur qui accompagna touſiours cette Flotte,

877 4830 2352 132 ſans que nous ſachions que jamais il ſoit arrivé quelqude malheur à aucun des Vaiſ¬

877 4910 2352 142 ſeaux, fait que nous ne pouvons douter des inſtructions qu’il leur donnoit, & don¬

867 4977 2367 199 ne occaſion de croire que tout l’ordre, connoiſſance, & police Navale qui depuis

645 678 238 73 Ceux de Chio

645 729 229 78 puiſſans ſur

649 789 92 52 Mer.

640 1127 232 75 Puis les Pe¬

640 1176 152 89 lagiens.

630 1474 157 99 Delà le

630 1540 192 76 commerce

635 1602 149 66 alla en

621 1658 171 86 Thrace.

626 1778 202 57 Flotte de

640 1837 133 73 David

625 2032 242 67 d'où ſes ri¬

630 2094 152 62 cheſſes.

634 2378 248 72 Salomon ca¬

621 2424 256 74 reſſe les Tyr¬

630 2482 247 65 riens à cau¬

636 2531 193 66 ſe de leur

621 2583 180 95 addreſſe.

630 3227 237 83 Arcenal de

630 3305 195 107 Salomon.

3134 5048 95 128 fut
