3600 5648
980.0 376.0 1234.0 169.0 PREFACE.

405.0 480.0 2356.0 216.0 parage, mais ſeulement une Mer fort baſſe & fort noire. La mé-

405.0 630.0 2351.0 156.0 me choſe ſe peut dire de l’Amerique Meridionale, que nous avons

395.0 720.0 2352.0 160.0 déja courue tout autour, ſans gueres avancer au dedans.  Et à l’é¬

400.0 809.0 2347.0 169.0 gard de la Septentrionale, elle eſt encore moins connuë vers le Pole,

386.0 889.0 806.0 122.0 que l'Europe ni l'Aſie.

499.0 988.0 2252.0 151.0 Quant à l’Aſie, il faut avoüer que nous n’avons en juſques à

386.0 1077.0 2356.0 151.0 preſent que fort peu de connoiſſance de ſon aſſiette, de ſes Provin¬

386.0 1167.0 2356.0 160.0 ces, des mœurs, & du gouvernement des peuples qui l’habitent. Il eſt

381.0 1247.0 2356.0 165.0 bien aſſuré que toutes ces grandes Regions de l’Aſie Septentrionale,

381.0 1341.0 2361.0 160.0 ſont poſſedées par des Princes ou Roitelets Tartares, qui reconnoiſ¬

376.0 1416.0 2356.0 188.0 ſent ſe GRAND CHAM pour leur Superieur, mais on ne ſçait

372.0 1524.0 2360.0 156.0 preſque rien apprendre de leur ſituation. Pour ce qui eſt de la Me¬

372.0 1609.0 2365.0 160.0 ridionale, elle eſt un peu mieux connuë, mais on en trouve des Re¬

372.0 1694.0 2365.0 169.0 lations ſi differentes, que pluſieurs en parlent avec mépris, & les

367.0 1783.0 2365.0 170.0 tiennent pour fabuleuſes. J'avoüe qu’il les faut voir & lire avec

367.0 1877.0 2365.0 160.0 precaution, & ſe ſouvenir de ce qui ſe dit ordinairement des diſcours

362.0 1972.0 2361.0 160.0 de ceux qui viennent de loin, pour ne croire pas legerement, &

362.0 2047.0 2361.0 174.0 afin de diſcerner le vray-ſemblable d’avec ce qui ne l’eſt pas. Ce

362.0 2141.0 2356.0 165.0 doit eſtre neantmoins ſans cette rude incredulité de ceux qui n’eſtant

353.0 2240.0 2361.0 146.0 jamais ſortis de leur païs, ſe moquent de tout ce qui s’écrit des au¬

362.0 2325.0 2342.0 169.0 tres. Parce qu’ils ſont accoûtumés à de certaines façons de vivre,

358.0 2395.0 2346.0 193.0 ils ne peuvent s’imaginer qu’on en pratique de contraires ailleurs,

353.0 2499.0 2356.0 164.0 ou que la Nature agiſſe autrement quelque part, qu’elle ne fait

353.0 2583.0 2356.0 170.0 chez eux. Cependant cette méme Nature n’eſt pas dans l'unifor¬

348.0 2673.0 2366.0 174.0 mité qui ſe figurent. Et dautant que rien ne nous decouvre ſi à

348.0 2762.0 2361.0 174.0 nud ſes differentes faces que les Itineraires & les Voyages; vous en

348.0 2861.0 2356.0 160.0 remarquerez un en cét Oeuvre, qui ne vous ſera pas moins profita¬

343.0 2927.0 2361.0 184.0 ble que divertiſſant: vous y verrez, ſans ſortir de voſtre Cabinet

348.0 3035.0 2356.0 174.0 comme une nouvelle Nature, & tant de merveilles, que voſtre eſprit

343.0 3129.0 2361.0 165.0 en ſera par fois ſi agreablement ſurpris, que pour ne les pas com¬

343.0 3219.0 2352.0 165.0 prendre, vous vous imaginerez la creation d’un ſecond Adam pour

339.0 3308.0 2040.0 151.0 la CHINE, comme Theophraste s’eſt figuré de l’Amerique.

428.0 3379.0 2267.0 193.0 Le Gros de cét Oeuvre eſt baſti ſur le Journal du Sʳ. DE NIEU¬

329.0 3473.0 2366.0 188.0 HOFF, Maiſtre d'Hoſtel de l’Ambaſſade que Meſſieurs de la Com¬

334.0 3558.0 2356.0 183.0 pagnie des provinces Unies ont depuis peu dépechée vers l’Empereur

329.0 3666.0 2361.0 165.0 de la CHINE. Ce Perſonnage proteſte par ſes écrits qu'il n'a

329.0 3751.0 2352.0 174.0 rien avancé dans les cinq premieres Provinces qu’il a traverſé avec

329.0 3831.0 2352.0 183.0 ſes Maiſtres, que ce qu’il a veu de ſes propres veux, ou appris de la

325.0 3920.0 2360.0 188.0 bouche des Mandarins, & des Seigneurs qui les accompagnerent juſ¬

329.0 4014.0 2342.0 189.0 ques à la Cour de l’Empereur.  Pour les dix autres Provinces ( y

320.0 4113.0 2361.0 160.0 jointe la Deſcription generale du méme Empire, qui avec les der¬

320.0 4203.0 2356.0 174.0 nieres Guerres des Tartares font noſtre ſeconde Partie) ce que l’on

320.0 4292.0 2356.0 165.0 vous en rapporte en bref, eſt tiré tant des remarques du méme Au¬

310.0 4367.0 2361.0 193.0 theur que des diverſes Relations dignes de foy. La pluſpart des

329.0 4452.0 2342.0 193.0 Tailles douces exhibées dans cétte œuvre ſont gravées ſur le crayon

315.0 4565.0 2356.0 160.0 & le pinceau du dit Autheur, qui s’eſt eſtudié de repreſenter les

315.0 4640.0 2352.0 189.0 païſages, & tirer avec exactitude le plan des principaux endroits par

320.0 4766.0 466.0 105.0 où il a paſſé.

2417.0 4819.0 254.0 118.0 Quant
