3571 5642
776 545 1487 132 VERS L’EMPEREUR DE LA CHINE.

2606 594 88 106 7

357 658 2296 117 fut gardée par les Mariniers, vient originairement de Salomon, & c’eſt l’Opinion

352 738 1012 103 de Pineda au l.4. de rebus Salomonis.

418 794 2230 118 Les Rhodiens devinrent peu aprés ſi puiſſans ſur Mer, que les Thraces furent

357 874 2305 113 contraints de leur ceder, ſelon Strabon, qui dit que Rhodes fur fort long temps

352 954 2296 113 Maiſtreſſe de la Mer, & qu'elle la nettoya de Pirates, & ſe conſerva tousjours en l'a¬

348 1024 2319 109 mitié des Romains, & des autres Rois, qui la laiſſerent vivre en ſa liberté avec des

348 1090 2324 123 prerogatives tres-honnorables; en ſorte qu’il faut que toutes les Nations confeſſent

348 1170 1769 118 que toutes les meilleures Loix Navales ſortent de ſes murailles.

409 1245 2244 113 Les Phrygiens, au dire d’Euſebe, ſuivirent les Rhodiens, & tinrent l'Empire de la

334 1321 1627 103 Mer 25. ans. Ce qui arriva environ le temps de Licurgue.

414 1391 2239 104 Les Cypriots vinrent aprés, furent Maiſtres à leur tour, & redoutables un peu

329 1466 1105 118 plus de 20. ans du regne du Roy Joas.

404 1542 2244 108 Les Phœniciens eurent auſſi pour quelque temps la Seigneurie de la Mer: & bien

329 1617 2324 94 qu’Euſebe ne les mette que les ſeptiémes en ordre, il n'y a toutesfois aucune Na¬

329 1692 2352 94 tion, des Navigations de laquelle il ſoit faite plus ancienne, & plus honnorable

329 1763 2348 103 mention dans les Eſcritures Saintes ou profanes que de ces Peuples. Ce ſont (diſent

334 1838 2338 103 aucuns) les plus anciens Mariniers du monde: de tout temps (diſent quelques autres)

329 1904 2343 113 ils ont ſecouru de Navires, de Chefs, & de Matelots, tous les Eſtats qui en ont eu

329 1979 2343 113 beſoin. Ce ſont eux qui ont ouvert le trafic, qui ont entrepris les voyages de long

329 2064 2338 98 cours, ſe jettans en Mer, ſe conduiſans par la hauteur, & par l’aſpect des Aſtres,

334 2134 2343 108 ſans ranger les coſtes, comme faiſoient tous les autres. Bref, ce ſont eux qui ont

329 2200 2343 108 envoyé des Peuplades, & Colonies en toute les parties du monde, ſpecialement à

338 2266 2324 117 Utique, Lepte, & en divers autres endroits de l’Afrique, de l’Egypte, de la Grece,

329 2346 2343 103 & des Eſpagnes, & ſur tout qui ont fondé la ville de Carthage qui par ſon commer¬

319 2421 2362 94 ce ſe rendit à la fin ſi belle, & ſi redoutable, qu’elle donnoit à toutes les autres vil¬

334 2482 2338 118 les de l'admiraton & de la crainte, juſques à la que ſa puiſſance égala celle des

324 2571 1896 113 Grecs, & ſes richeſſes ne furent pas moindres que celles des Perſes.

381 2642 2277 108 l'Egypte ſucceda au pouvoir des Phœniciens environ les regnes des Rois Pſam¬

310 2717 2348 113 mide, & Bocchoride, qui precederent de fort peu le commencement des Olym¬

319 2788 217 117 piades.

376 2868 2286 108 Les Mileſiens ſe rendirent redoutables vers le temps de Romule, baſtirent Sino¬

319 2938 2353 108 pe dans le Pont Euxin, prirent les païs de la Colchyde le long du Phaſe, & ſe mon¬

315 3013 2362 104 ſtrerent fort coutrois & humains, particulierement envers ceux qui faiſoient nau¬

319 3098 2024 99 frage, leur donnant de l’argent pour ſe retirer au païs de leur naiſſance.

381 3136 2286 136 Les Cariens environ le regne d'Ezechias furent puiſſans, ſelon le rapport d'Euſe¬

310 3234 522 108 be & de Diodore.

381 3314 2277 108 Ceux de Phocée furent en credit environ le temps de la captivité de Babylone,

315 3399 1148 89 & retinrent leur pouvoir prés de 44. ans.

376 3460 2286 108 Ceux de Corinthe ſont connus d'un chacun. Thucydide en ſon livre I. dit mer¬

310 3530 2362 118 veile de leur puiſſance Navale, & du bon ordre qu’ils apporterent pour purger la

315 3596 461 113 Mer de Pyrates.

381 3653 2277 145 Les Joniens furent quelque temps Maiſtres de la Mer qui leur eſtoit voiſine, au

310 3751 2357 104 rapport de Thucydide en ſon livre 1. Et méme ils oſerent avec 263. Galeres atta¬

319 3836 2348 103 quer la Flotte du Roy Cyrus compoſée de 600. Galeres, apres la deroute de la¬

310 3897 2362 108 quelle ils mirent à feu & à ſang pluſieurs villes de Perſe & entr’autres celle de Sar¬

315 3982 1341 103 des; Mais à la fin ils furent humiliez par Darius.

376 4043 2263 113 Ceux de Naxos furent redoutés du temps de Cambyſes, comme auſſi les Egine¬

315 4128 889 108 tes, ſelon Euſebe, & Strabon.

385 4189 2282 117 Mais il faut remarquer que lors qu'Euſebe, ou autres Autheurs recitent que ces

310 4259 2357 122 Peuples, dont je viens de parler, ont obtenu l'Empire de la Mer certain temps, ce¬

305 4339 2357 118 la ne ſe doit pas entendre, comme ſi en effet ils ſe l’euſſent tellement renduë pro¬

310 4424 2352 108 pre, qu’il n'eut eſté permis aux autres Nations d’y voguer ſans leur permiſſion; Car¬

301 4499 2347 113 cela eut repugné au droit de Nature, & des Gents. Ils veulent donc ſeulement di¬

315 4574 2333 127 re que ce pouvoir attribué en divers temps à ces peuples ne conſiſtoit qu’en un cre¬

301 4649 2338 113 dit qu’ils acqueroient, pour avoir eu de bons vaiſſeaux, entretenu la liberté du ne¬

315 4725 2324 117 goce, & exterminé les Pyrates de leurs Coſtes, ſans toutesfois donner de la jalouſie

310 4800 2338 113 aux Princes voiſins, qui ſans doute les euſſent bien diſputez une telle ſouveraineté.

385 4866 2273 117 Que ne liſons nout pas encore dans Herodote, Pauſanias, Lyſias, Suidas, Dio¬

301 4941 2357 150 dore, Plutarque, Emilius, C. Nepos, Juſtin, Polybe, Zonaras, & autres Hiſto¬

2662 803 179 105 Rhodiens

2672 881 214 103 Maiſtres de

2662 926 137 94 la Mer

2663 1284 188 64 Puiſſance

2662 1339 191 55 Maritime

2653 1368 198 90 des Phry¬

2667 1424 113 77 giens

2644 1481 263 84 des Cypriots,

2672 1585 207 60 des Phœni¬

2677 1640 112 58 ciens.

2667 2670 184 89 des Egyp¬

2681 2754 104 85 tiens.

2658 2896 193 98 Mileſiens.

2667 3168 162 104 Cariens.

2662 3314 193 108 Phoceens.

2653 3455 245 127 Corinthiens.

2662 3700 160 108 Ioniens.

2653 4076 212 76 Naxoſiens,

2648 4152 245 74 & Eginetes.

2662 4537 151 58 En quoy

2653 4583 173 68 conſiſtoit

2648 4636 224 75 l'Empire de

2648 4691 234 67 la Mer chez

2648 4760 229 46 les Anciens.

2479 5030 174 146 riens
