3576 5688
915 554 38 152 4

1119 492 1878 176 L'AMBASSADE DE LA C.Or. DES PROV. UNIES

976 635 2258 123 Felix Malleolus dans ſon Traité de la Nobleſſe aſſeure qu’il a eu entre les mains

915 720 2319 123 une deſcription de tout le monde ancien, commencée par Jules Ceſar, & achevée

915 786 2329 128 ſous Auguſte. Ce qui s’accorde avec ce qu’Ethicus Autheur ancien dit en ſa Coſ¬

901 872 2347 123 mographie, que ſous les regnes de Jules & d’Auguſte par ordre du Senat, on en¬

901 948 2352 113 voya par tout l’univers des Geographes pour en faire une deſcription. L'Evangile

905 1023 2348 114 nous apprend que lors que dans les autres Provinces, diverſes perſonnes travail¬

901 1094 2352 114 loient à ce deſſein, on découvrit la Judée ſous les Preſidens Cirinus & Quirinus.

901 1166 2357 118 Cette deſcription fut depuis diligemment conſervée à Rome, & augmentée &

901 1241 2352 114 corrigée par divers Empereurs, ſelon les diverſes occaſions qui s’en preſenterent.

901 1317 2361 123 Auguſte prit luy méme plaiſir à décrire ſoigneuſement l’Italie, aprés qu’il l'eut

901 1393 2361 123 diviſée en diverſes Regions. Le meſme voulant envoyer ſon fils Caius en Orient,

901 1464 2366 123 fit marcher devant luy un tres-excellent Geographe nommé Denis. Agrippa ſon

901 1540 2371 123 Gendre, qui eſtudioit avec zele toutes les inclinations de cét Empereur fit tra¬

901 1611 2371 119 vailler aux deſcriptions de divers Païs, (ſelon le recit de Pline) comme auſſi Juba

905 1701 588 114 Roy de Mauritanie.

958 1758 2304 128 Les Empereurs Germanicus, & Trajan non moins curieux que leurs Devanciers,

910 1834 2348 114 employerent une bonne partie de leur temps à connoiſtre la Mer (qui eſt preſque

901 1910 2376 128 infinie en ſon étenduë) ſa nature, ſes proprietez, ſes mouvemens, & agitations

915 1981 2371 123 (qui ſont auſſi differentes qu’il y a de divers climats) ſon flux, & reflux, ſes bancs, ſes

905 2057 2381 118 briſans, & écueils, la diverſité des vents qui donnent le mouvement aux Vaiſſeaux y

915 2128 1992 118 engagez, bref, ſes furies & rages, & les remedes pour les ſurmonter.

981 2204 2300 123 Democrite ût auſſi une telle paſſion pour la découverte des Mers & Païs étran¬

934 2279 2347 128 gers, qu’apres la mort de ſon pere Damaſippus, il ceda tous ſes heritages à ſes deux

905 2351 1750 137 freres, & le tranſporta en Egypte, en Chaldée, & en l’Inde.

972 2422 2328 128 Homere (qui eſt nommé de Strabon le Prince des Geographes) ne nous a pas peu

910 2502 2386 123 laiſſé de lumieres en la connoiſſance des Terres étrangeres, comme auſſi Anaxi¬

920 2573 2380 133 mander le Mileſien, Hecateus, Dicæarchus, Ephore, Eratoſthenes, Platon, Poly¬

915 2659 2385 128 be, Poſſidonius, Ptolemée, Pomponius Mela, Solinus, Marinus Tyrius, Strabon,

920 2744 763 118 & grand nombre d’autres.

981 2777 2315 166 Mais le plus fameux & le plus veritable de tous ceux-cy fur (ce me ſemble) l'Em¬

934 2872 2362 152 pereur Antonin le Debonnaire, qui fit revoir les Itineraires de l’Empire, & enjoignit

920 2953 2385 123 d'y adjouſter les Villes & les Provrinces, qui depuis le ſiecle de Ceſar juſques au

920 3028 2385 124 ſien, avoient eſté conquiſes & baſties en divers lieux. Et pour enrichir ce travail,

920 3104 2380 133 il en fit dreſſer un autre pour la Mer, qui nous reſte encore, où ſont décrits les

920 3175 2380 133 Caps, Deſtroits, Villes, & Iſles, par où il falloit paſſer depuis l’Achaïe par la Sicile,

910 3246 2400 152 juſques au Deſtroit qui eſt entre l’Afrique & l'Eſpagne. Pluſieurs hommes doctes

920 3322 2390 142 comme Ethicus, & autres, ayans depuis mis la main à l’Itineraire de l’Empire, &

920 3398 2390 128 y ayans adjouſté diverſes Villes celebres de leur temps, inconnuës aux Anciens, ont

929 3469 2371 142 fait douter qui eſtoit le premier Autheur de cét Itineraire de l’Empire Romain, qui

920 3555 2395 127 communement porte le nom d’Antoninus Pius. Et le méme ſe peut dire de cette

924 3626 2386 123 Table, que l’on croit avoir eſté tracée ſous l’Empereur Theodoſe, que Peutinger

929 3701 2381 133 a trouvée à Ausbourg dont toutes-fois nous faiſons plus d’eſtat pour eſtre une piece

920 3773 2395 132 antique, que pour aucun art qu’on y puiſſe remarquer: car il eſt certain que c’eſtoit

929 3848 2381 147 pluſtot quelque Meſtre-de-Camp, ou Ingenieur tres-ignorant en Mathematique,

934 3924 2381 138 qui vouloit faire une Table, & monſtrer à l’œil les chemins de l’Empire, qu’un

934 3991 2381 147 Geographe. Quoy qu’il en ſoit,  S. Ambroiſe au Sermon 5. ſur le Pſ. 118. m’apprend

934 4081 2385 142 que le deſſein des Empereurs eſtoit de regler les ſoldats, afin que les armées, qui ve¬

934 4152 2381 137 noient dans les Provinces étrangeres marchaſſent ſeurement, ſans faire de dom¬

934 4218 2385 147 mage aux lieux, par où elles paſſoient, & ſans ſe débander. Ce qui eut eſté tres-

934 4299 2385 137 difficile autrement pour la trop grande étenduë de l’Empire qui (ſelon Artemido¬

934 4379 2381 152 re, & Pline au l.2. de l'Hiſtoire Nat. Chap. 108) depuis Babylone juſques aux Ga¬

934 4455 2381 133 des, qui font l’extremité de l’Eſpagne, avoit 3684. milliaires d’Italie, de long; &

934 4531 2376 142 de large deux mil milliaires, ſçavoir depuis les cataractes du Nil juſques à la Palus

939 4607 2371 151 Mæotide; ou depuis le Mont Atlas juſques à l'Iſle Tulé en l’extremité d’Eſcoſſe.

939 4673 2380 147 Car par ce moyen tous les chemins leur eſtans ordonnés, & les eſtapes établies, ſi

939 4758 2376 143 les ſoldats s’en écartoient, ils ne trouvoient plus qui les retiraſt; au lieu que rien

948 4834 2352 143 ne leur manquoit dans les chemins de l'Empire: où leurs giſtes leur eſtoient aſſeu¬

943 4905 2362 157 rez, & leurs vivres preparez: de plus ils trouvoient certains lieux, où il leur eſtoit

934 4981 2376 209 permis de ſejourner, & ſe rafraiſchir deux ou trois fois. Enfin, ils y recevoient tou¬

668 649 233 107 Mappemon¬

676 760 234 53 de commen¬

682 786 217 77 née par Ju¬

661 859 250 62 les, & ache¬

673 895 232 176 vée par Au¬

666 972 121 75 guste.

673 1777 199 123 Germani¬

673 1858 228 94 cus,& Tra¬

663 1910 280 166 jan curieux

678 1976 231 81 en la Mari¬

678 2014 66 114 ne.

663 2246 238 128 Democrite.

701 2441 171 184 Homere,

701 2526 76 99 & c.

701 2848 219 185 Antonin le

697 2924 218 109 Debonnaire.

668 3929 209 227 Table de

711 3991 199 227 Peutinger.

3196 5057 128 152 tes
