3600 5632
722.0 1018.0 1685.0 230.0 PREFACE

1379.0 1206.0 301.0 216.0 AU

441.0 1379.0 2196.0 277.0 LECTEUR.

395.0 1887.0 585.0 645.0 I

1056.0 1825.0 1689.0 136.0 E ſuis d’avis qu’il faut voir le Monde devant que

1046.0 1919.0 1690.0 136.0 d’en ſortir. Auſſi perſonne n’a jamais douté que

1046.0 2013.0 1690.0 131.0 la connoiſſance de ſes differentes parties ne ſoit

1051.0 2102.0 1690.0 146.0 une des plus belles ſciences que nous puiſſions

1046.0 2196.0 1695.0 122.0 acquerir, & que ceux qui contribuënt leurs

1046.0 2280.0 1690.0 132.0 ſoins, leurs moyens, ou leurs travaux à la per¬

1046.0 2365.0 1695.0 136.0 fectionner, ne rendent preſque tousjours leur

1046.0 2482.0 540.0 108.0 nom immortel.

478.0 2548.0 2258.0 136.0 Il ne faut point avoir recours ſur cela aux Voyages de Bacchus,

380.0 2618.0 2356.0 169.0 d’Hercule, & des Argonautes, ou bien à ceux d’Homere, de Ly¬

384.0 2726.0 2352.0 141.0 curgue, de Solon, de Platon, de Pythagore, de Democrite, d’Œnopide,

384.0 2820.0 2357.0 132.0 de Xenophon, de Xenocrate, de Crantor, d’Arceſilas, de Lacyde,

380.0 2900.0 2356.0 155.0 d’Ariſtote, de Theophraste, de Xenon, de Cleanthe, de Chryſippe,

380.0 2994.0 2361.0 141.0 d’Antipater, de Carneade, de Panaëtius, de Clitomaque, de Philon,

384.0 3088.0 2371.0 136.0 d'Antiochus, de Poſſidonius, & d’une infinité d’autres, qui, ſelon les

384.0 3177.0 2366.0 155.0 recits de Diodore & de Ciceron, ont conſumé tout leur âge dans ce

380.0 3247.0 2365.0 165.0 noble exercice ſans preſque revoir leur Patrie. On ſçait combien de

384.0 3360.0 2366.0 136.0 reputation, de luſtre, & de gloire ont donné aux Rois d’Eſpagne & de

389.0 3454.0 2361.0 127.0 Portugal, ceux qui ont eſté faits depuis peu en l’une & l’autre Inde.

375.0 3534.0 2384.0 140.0 Et nous ne voyons rien de plus illuſtré dans l’Hiſtoire de ces der¬

384.0 3613.0 2375.0 151.0 niers ſiecles, que les noms de Christophle Colomb, d'Americ Veſpuce,

384.0 3721.0 2375.0 132.0 de Drack. du Maire, & de leurs ſemblables. Cela me fait pen¬

389.0 3806.0 2366.0 141.0 ſer qu’entre les ſoins qu’ont les Monarques & les Republiques de

394.0 3904.0 2370.0 132.0 rendre leurs regnes & gouvernemens glorieux & triomphans en

398.0 3989.0 2357.0 136.0 tant de façons, ils ne doivent pas mépriſer la decouverte des Païs

398.0 4078.0 2357.0 141.0 inconnus, ni ce qu’on peut avoir d’information bonne & aſſurée de

394.0 4172.0 2365.0 127.0 certaines contrées, dont nous apprenons à peine le nom, & fort in¬

398.0 4280.0 906.0 108.0 certainement la ſituation.

492.0 4327.0 2272.0 150.0 Car encore que nous ſoyons aſſurés que l’Afrique ſoit la plus

389.0 4421.0 2366.0 169.0 grande ſans contredit de toutes les peninſules du Monde, il faut con¬

398.0 4529.0 2361.0 131.0 feſſer neantmoins que nous n’en connoiſſons guerres que la coſte, &

398.0 4613.0 2366.0 221.0 fort peu l'interieur, ſi ce n'eſt par quelques  Relations aſſés confuſes de

1577.0 4702.0 126.0 113.0 **

2534.0 4679.0 225.0 187.0 l'Em-
