3591 5632
765 567 1488 118 VERS L'EMPEREUR DE LA CHINE.

2609 567 43 137 3

352 661 2309 108 Que Hannon Carthaginois décrivit le voyage qu’il fit depuis les Gades juſques au

347 746 2314 98 ſein Arabique, & qu’en meſme temps les Carthaginois envoyerent un excellente

352 811 2309 113 homme de Mer nommé Himilco, pour reconnoitre la Mer Oceane, qui baigne

342 887 2319 103 I'Europe. Il remarque auſſi tres-exactement comme les premieres navigations

342 962 2319 103 ſe faiſoient à veuë de terre, rangeant tousjours la Coſte, & deſcrit de Havre en

342 1037 2324 98 Havre toutes les ſtations que fit Alexandre le Grand, depuis les emboucheures

342 1107 2324 108 du Tygre & de l’Euphrate dans le ſein Perſique juſques en l’Inde. Et conſequem¬

333 1178 2333 107 ment il adjouſte que les Siecles ſuivans la Navigation s’eſtant perfectionnée, les

333 1253 2323 108 Marchands trouverent un chemin plus court, allant droit du Cap Fartaque à Anor,

333 1328 2333 112 & plus aſſuré, s’eloignant des Coſtes, & des Pyrates. Il avance encore qu’il ne ſe

328 1403 2333 108 paſſoit aucune annéé, que l’Inde ne tirât de l’Empire Romain un million deux cens

333 1483 2327 98 cinquante mille eſcus, pour diverſes marchandiſes que l’on en apportoit, & que

328 1544 883 108 l’on vendoit cent fois plus cher.

399 1619 2253 108 Strabon a remarqué il y a plus de 1500. ans, que les premiers hommes ne vogue¬

328 1689 2370 113 rent que de jour craignans les écueils; Que les Sidoniens furent les premiers qui

328 1778 2326 94 commencerent à voguer de nuict; Que les Anciens ont fait des voyages par Mer

333 1839 2328 108 plus longs que nous ne faiſons à preſent: Car l’on ſçait (dit il) que Bacchus, Hercu¬

323 1919 2333 103 les, Jaſon, Ulyſſe, & Menelaus ont fait des grands voyages; Que Theſée & Peri¬

319 1985 2337 112 thous ont laiſſé dans l’eſprit des hommes une opinion qu’ils ont deſcendu juſques

319 2060 2337 108 aux Enfers, à cauſe des grands voyages qu’ils ont entrepris, & que c’eſt pour le

319 2130 2337 113 méme ſujet qu’on croit que les Caſtors ſont Procureurs de la Mer, & qu’ils aſſiſtent

314 2205 2333 113 ceux qui s’y trouvent en danger. Il dit ailleurs qu’un certain Eudoxus fuyant la

319 2280 2333 104 cholere du Roy Lathyrus, s’embarqua ſur le Golphe Arabique, & qu’ayant couru

319 2351 2337 113 toutes les coſtes d’Afrique, il arriva aux Gades d’Eſpagne. Et avant cela Cælius An¬

319 2435 2333 104 tipater aſſeuroit qu’il avoit veu un homme qui alloit par Mer d’Eſpagne en Ethio¬

314 2496 2342 118 pie pour trafiquer: Et Cornelius Nepos affirmoit qu'un Roy de Suede fit preſent à

314 2576 2347 113 Aſranius Proconſul des Gaules de quelques Indiens, leſquels trafiquans vers le Sep¬

323 2656 1925 108 tentrion, avoient eſté jettez par la tempeſte en la Mer de Germanie.

375 2722 2272 122 Diodore dit que les Argonautes apres avoir conquis la Toiſon d’or entrerent du

305 2797 2337 117 Pont Euxin dans le Tanais, monterent juſques à ſa ſource, & qu’ayans fait quelque

309 2877 2343 107 chemin par terre, ils trouverent un autre Fleuve qui les mena en la Mer du Nord,

314 2952 2338 108 & que revenans par la Mer Oceane & Occidentale, laiſſans tousjours les terres à

309 3022 2343 113 gauche, ils rentrerent en la Mediterranée par le détroit d’Afrique, & arriverent en

309 3092 817 108 Italie au Havre de Telamon.

389 3168 2249 107 Socrate monſtra à Alcibiade toute la Grece depeinte en une Carte. Theophraſte

319 3238 2319 127 Diſciple d'Ariſtore ordonna par teſtament, qu'une Carte univerſelle de la terre

309 3322 2324 118 qu’il avoit, fut miſe apres ſon decés en une Galerie du Lycée, où il avoit enſeigné,

309 3397 2329 113 dit Laer au l. 5. Properce & Vitruve diſent qu’il y avoit dés leurs temps des Cartes

314 3454 2319 127 univerſelles. Diognetus, & Biton tracerent curieuſement en une Carte les che¬

309 3538 1409 108 mins qu’avoit tenu Alexandre dans ſes conqueſtes.

366 3604 2272 122 Mithridate Roy du Pont, voulant ranger toute l'Aſie à ſa devotion, s’y tranſporta

305 3684 2333 126 auparavant en habit de pelerin pour y prendre connoiſſance des mers, des fleuves,

305 3764 2342 108 de la ſituation des Villes, & de l’humeur de leurs habitans. Apres ſon retour, ne

305 3829 2342 113 la regardant plus autrement qu’un bien dont il pouvoit faire ſon propre, il alla pren¬

305 3914 2333 108 dre ſa Bithinie pour s’y faire plus aiſement un paſſage, & n’eut pour raiſon de cette

309 3984 2324 113 guerre que ſa volonté. La priſe de ce Royaume épuvanta preſque tous les autres,

309 4059 2329 113 tout ce qu’il luy ſembla beau luy parut facile, & la terreur de l'Aſie luy ſceut ouvrir

305 4125 2337 117 le chemin de l'Europe ſi heureuſement, que par le moyen de ſes Lieutenans Arche¬

305 4195 2333 132 laus & Neopteleme, fort experts en la marine, il ſe rendit maiſtre des Cyclades, de

309 4270 1582 118 Dele, de Negrepont, d’Athenes, & d'autres Provrinces.

366 4350 2272 122 Pompée, auſſi grand Voyageur que grand Capitaine, eſtoit tousjours muni des Iti¬

305 4430 2335 113 neraires pour facilliter ſes conqueites, & combattre ſes ennemis. Et non de mer¬

305 4505 2328 113 veille, s’il remit ſi facilement l’Eſpagne en l’obeiſſance des Romains, s’il vainquit

319 4571 2314 122 deux fois Mithridate, & trois fois Tigranes; s'il dompta Herode Roy d’Albanie, &

305 4646 2328 117 le Roy des Iberiens Artaxés; s'il conquit avec leurs Royaumes la Syrie, & la phæ¬

305 4716 2328 127 nicie, ſurmonta les Ituriens, les Arabes, les Juifs, & ſix autres Nations voiſines;

305 4796 2323 122 s’il defit juſques au nombre de vingt-deux Rois, prit mil ſix cent trente-huit Villes,

305 4876 2328 113 & s’il n’employa tous les momens de ſa vie qu’a faire des ſubjets, ou des malheureux

309 4942 878 164 des ennemis de la Republique.

2675 1614 225 115 Strabon, au

2679 1705 219 73 l. 17. de ſa

2666 1736 141 108 Geogr.

2652 2248 126 103 au l.2.

2656 2740 248 110 Diodore au

2656 2828 75 63 L.4.

2652 3182 175 103 Socrate.

2647 3262 248 69 Theophraſte

2648 3462 207 90 Diognetus.

2642 3515 127 89 Biton.

2647 3623 240 111 Curioſité de

2656 3715 232 69 Mithridate.

2647 4383 221 136 De Pompée.

1563 5031 150 126 A 2

2469 5031 164 122 Felix
