3591 5632
765.0 567.0 1488.0 118.0 VERS L'EMPEREUR DE LA CHINE.

2609.0 567.0 43.0 137.0 3

352.0 661.0 2309.0 108.0 Que Hannon Carthaginois décrivit le voyage qu’il fit depuis les Gades juſques au

347.0 746.0 2314.0 98.0 ſein Arabique, & qu’en meſme temps les Carthaginois envoyerent un excellente

352.0 811.0 2309.0 113.0 homme de Mer nommé Himilco, pour reconnoitre la Mer Oceane, qui baigne

342.0 887.0 2319.0 103.0 l'Europe. Il remarque auſſi tres-exactement comme les premieres navigations

342.0 962.0 2319.0 103.0 ſe faiſoient à veuë de terre, rangeant tousjours la Coſte, & deſcrit de Havre en

342.0 1037.0 2324.0 98.0 Havre toutes les ſtations que fit Alexandre le Grand, depuis les emboucheures

342.0 1107.0 2324.0 108.0 du Tygre & de l’Euphrate dans le ſein Perſique juſques en l’Inde. Et conſequem¬

333.0 1178.0 2333.0 107.0 ment il adjouſte que les Siecles ſuivans la Navigation s’eſtant perfectionnée, les

333.0 1253.0 2323.0 108.0 Marchands trouverent un chemin plus court, allant droit du Cap Fartaque à Anor,

333.0 1328.0 2333.0 112.0 & plus aſſuré, s’eloignant des Coſtes, & des Pyrates. Il avance encore qu’il ne ſe

328.0 1403.0 2333.0 108.0 paſſoit aucune annéé, que l’Inde ne tirât de l’Empire Romain un million deux cens

333.0 1483.0 2327.0 98.0 cinquante mille eſcus, pour diverſes marchandiſes que l’on en apportoit, & que

328.0 1544.0 883.0 108.0 l’on vendoit cent fois plus cher.

399.0 1619.0 2253.0 108.0 Strabon a remarqué il y a plus de 1500. ans, que les premiers hommes ne vogue¬

328.0 1689.0 2370.0 113.0 rent que de jour craignans les écueils; Que les Sidoniens furent les premiers qui

328.0 1778.0 2326.0 94.0 commencerent à voguer de nuict; Que les Anciens ont fait des voyages par Mer

333.0 1839.0 2328.0 108.0 plus longs que nous ne faiſons à preſent: Car l’on ſçait (dit il) que Bacchus, Hercu¬

323.0 1919.0 2333.0 103.0 les, Jaſon, Ulyſſe, & Menelaus ont fait des grands voyages; Que Theſée & Peri¬

319.0 1985.0 2337.0 112.0 thous ont laiſſé dans l’eſprit des hommes une opinion qu’ils ont deſcendu juſques

319.0 2060.0 2337.0 108.0 aux Enfers, à cauſe des grands voyages qu’ils ont entrepris, & que c’eſt pour le

319.0 2130.0 2337.0 113.0 méme ſujet qu’on croit que les Caſtors ſont Procureurs de la Mer, & qu’ils aſſiſtent

314.0 2205.0 2333.0 113.0 ceux qui s’y trouvent en danger. Il dit ailleurs qu’un certain Eudoxus fuyant la

319.0 2280.0 2333.0 104.0 cholere du Roy Lathyrus, s’embarqua ſur le Golphe Arabique, & qu’ayant couru

319.0 2351.0 2337.0 113.0 toutes les coſtes d’Afrique, il arriva aux Gades d’Eſpagne. Et avant cela Cælius An¬

319.0 2435.0 2333.0 104.0 tipater aſſeuroit qu’il avoit veu un homme qui alloit par Mer d’Eſpagne en Ethio¬

314.0 2496.0 2342.0 118.0 pie pour trafiquer: Et Cornelius Nepos affirmoit qu'un Roy de Suede fit preſent à

314.0 2576.0 2347.0 113.0 Aſranius Proconſul des Gaules de quelques Indiens, leſquels trafiquans vers le Sep¬

323.0 2656.0 1925.0 108.0 tentrion, avoient eſté jettez par la tempeſte en la Mer de Germanie.

375.0 2722.0 2272.0 122.0 Diodore dit que les Argonautes apres avoir conquis la Toiſon d’or entrerent du

305.0 2797.0 2337.0 117.0 Pont Euxin dans le Tanais, monterent juſques à ſa ſource, & qu’ayans fait quelque

309.0 2877.0 2343.0 107.0 chemin par terre, ils trouverent un autre Fleuve qui les mena en la Mer du Nord,

314.0 2952.0 2338.0 108.0 & que revenans par la Mer Oceane & Occidentale, laiſſans tousjours les terres à

309.0 3022.0 2343.0 113.0 gauche, ils rentrerent en la Mediterranée par le détroit d’Afrique, & arriverent en

309.0 3092.0 817.0 108.0 Italie au Havre de Telamon.

389.0 3168.0 2249.0 107.0 Socrate monſtra à Alcibiade toute la Grece depeinte en une Carte. Theophraſte

319.0 3238.0 2319.0 127.0 Diſciple d'Ariſtore ordonna par teſtament, qu'une Carte univerſelle de la terre

309.0 3322.0 2324.0 118.0 qu’il avoit, fut miſe apres ſon decés en une Galerie du Lycée, où il avoit enſeigné,

309.0 3397.0 2329.0 113.0 dit Laer au l. 5. Properce & Vitruve diſent qu’il y avoit dés leurs temps des Cartes

314.0 3454.0 2319.0 127.0 univerſelles. Diognetus, & Biton tracerent curieuſement en une Carte les che¬

309.0 3538.0 1409.0 108.0 mins qu’avoit tenu Alexandre dans ſes conqueſtes.

366.0 3604.0 2272.0 122.0 Mithridate Roy du Pont, voulant ranger toute l'Aſie à ſa devotion, s’y tranſporta

305.0 3684.0 2333.0 126.0 auparavant en habit de pelerin pour y prendre connoiſſance des mers, des fleuves,

305.0 3764.0 2342.0 108.0 de la ſituation des Villes, & de l’humeur de leurs habitans. Apres ſon retour, ne

305.0 3829.0 2342.0 113.0 la regardant plus autrement qu’un bien dont il pouvoit faire ſon propre, il alla pren¬

305.0 3914.0 2333.0 108.0 dre ſa Bithinie pour s’y faire plus aiſement un paſſage, & n’eut pour raiſon de cette

309.0 3984.0 2324.0 113.0 guerre que ſa volonté. La priſe de ce Royaume épuvanta preſque tous les autres,

309.0 4059.0 2329.0 113.0 tout ce qu’il luy ſembla beau luy parut facile, & la terreur de l'Aſie luy ſceut ouvrir

305.0 4125.0 2337.0 117.0 le chemin de l'Europe ſi heureuſement, que par le moyen de ſes Lieutenans Arche¬

305.0 4195.0 2333.0 132.0 laus & Neopteleme, fort experts en la marine, il ſe rendit maiſtre des Cyclades, de

309.0 4270.0 1582.0 118.0 Dele, de Negrepont, d’Athenes, & d'autres Provinces.

366.0 4350.0 2272.0 122.0 Pompée, auſſi grand Voyageur que grand Capitaine, eſtoit tousjours muni des Iti¬

305.0 4430.0 2335.0 113.0 neraires pour facilliter ſes conqueſtes, & combattre ſes ennemis. Et non de mer¬

305.0 4505.0 2328.0 113.0 veille, s’il remit ſi facilement l’Eſpagne en l’obeiſſance des Romains, s’il vainquit

319.0 4571.0 2314.0 122.0 deux fois Mithridate, & trois fois Tigranes; s'il dompta Herode Roy d’Albanie, &

305.0 4646.0 2328.0 117.0 le Roy des Iberiens Artaxés; s'il conquit avec leurs Royaumes la Syrie, & la phæ¬

305.0 4716.0 2328.0 127.0 nicie, ſurmonta les Ituriens, les Arabes, les Juifs, & ſix autres Nations voiſines;

305.0 4796.0 2323.0 122.0 s’il defit juſques au nombre de vingt-deux Rois, prit mil ſix cent trente-huit Villes,

305.0 4876.0 2328.0 113.0 & s’il n’employa tous les momens de ſa vie qu’a faire des ſubjets, ou des malheureux

309.0 4942.0 878.0 164.0 des ennemis de la Republique.

2675.0 1614.0 225.0 115.0 Strabon, au

2679.0 1705.0 219.0 73.0 l. 17. de ſa

2666.0 1736.0 141.0 108.0 Geogr.

2652.0 2248.0 126.0 103.0 au l.2.

2656.0 2740.0 248.0 110.0 Diodore au

2656.0 2828.0 75.0 63.0 L.4.

2652.0 3182.0 175.0 103.0 Socrate.

2647.0 3262.0 248.0 69.0 Theophraſte

2648.0 3462.0 207.0 90.0 Diognetus.

2642.0 3515.0 127.0 89.0 Biton.

2647.0 3623.0 240.0 111.0 Curioſité de

2656.0 3715.0 232.0 69.0 Mithridate.

2647.0 4383.0 221.0 136.0 De Pompée.

1563.0 5031.0 150.0 126.0 A 2

2469.0 5031.0 164.0 122.0 Felix
