3600 5632
722 1018 1685 230 PREFACE

1379 1206 301 216 AU

441 1379 2196 277 LECTEUR.

1056 1825 1689 136 E ſuis d’avis qu’il faut voir le Monde devant que

1046 1919 1690 136 d’en ſortir. Auſſi perſonne n’a jamais douté que

1046 2013 1690 131 la connoiſſance de ſes differentes parties ne ſoit

1051 2102 1690 146 une des plus belles ſciences que nous puiſſions

1046 2196 1695 122 acquerir, & que ceux qui contribuënt leurs

1046 2280 1690 132 ſoins, leurs moyens, ou leurs travaux à la per¬

395 1887 585 645 I

1046 2365 1695 136 fectionner, ne rendent preſque tousjours leur

1046 2482 540 108 nom immortel.

478 2548 2258 136 Il ne faut point avoir recours ſur cela aux Voyages de Bacchus,

380 2618 2356 169 d’Hercule, & des Argonautes, ou bien à ceux d’Homere, de Ly¬

384 2726 2352 141 curgue, de Solon, de Platon, de Pythagore, de Democrite, d’Œnopide,

384 2820 2357 132 de Xenophon, de Xenocrate, de Crantor, d’Arceſilas, de Lacyde,

380 2900 2356 155 d’Ariſtote, de Theophraste, de Xenon, de Cleanthe, de Chryſippe,

380 2994 2361 141 d’Antipater, de Carneade, de Panaëtius, de Clitomaque, de Philon,

384 3088 2371 136 d'Antiochus, de Poſſidonius, & d’une infinité d’autres, qui, ſelon les

384 3177 2366 155 recits de Diodore & de Ciceron, ont conſumé tout leur âge dans ce

380 3247 2365 165 noble exercice ſans preſque revoir leur Patrie. On ſçait combien de

384 3360 2366 136 reputation, de luſtre, & de gloire ont donné aux Rois d’Eſpagne & de

389 3454 2361 127 Portugal, ceux qui ont eſté faits depuis peu en l’une & l’autre Inde.

375 3534 2384 140 Et nous ne voyons rien de plus illuſtré dans l’Hiſtoire de ces der¬

384 3613 2375 151 niers ſiecles, que les noms de Christophle Colomb, d'Americ Veſpuce,

384 3721 2375 132 de Drack. du Maire, & de leurs ſemblables. Cela me fait pen¬

389 3806 2366 141 ſer qu’entre les ſoins qu’ont les Monarques & les Republiques de

394 3904 2370 132 rendre leurs regnes & gouvernemens glorieux & triomphans en

398 3989 2357 136 tant de façons, ils ne doivent pas mépriſer la decouverte des Païs

398 4078 2357 141 inconnus, ni ce qu’on peut avoir d’information bonne & aſſurée de

394 4172 2365 127 certaines contrées, dont nous apprenons à peine le nom, & fort in¬

398 4280 906 108 certainement la ſituation.

492 4327 2272 150 Car encore que nons ſoyons aſſurés que l’Afrique ſoit la plus

389 4421 2366 169 grande ſans contredit de toutes les peninſules du Monde, il faut con¬

398 4529 2361 131 feſſer neantmoins que nous n’en connoiſſons guerres que la coſte, &

398 4613 2366 221 fort peu l'interieur, ſi ce n'eſt par quelques  Relations aſſés confuſes de

1577 4702 126 113 **

2534 4679 225 187 l'Em-
