3568 5696
1368 327 1240 214 PREFACE.

912 493 2261 219 Quant au teſte, ſi vous y remarquez quelques digreſſiont & fail¬

807 621 2361 185 lies, elles n’y ſont miſes que pour ceux qui ſe plaiſent à la moralité,

807 707 2371 175 & à la recherce de la diverſité de tant de façons de vivre que l’on ob¬

807 792 2376 181 ſerve en cét Univers. Et ſi vous y trouvez quelque choſe qui vous

807 882 2376 200 déplait, j’oſe eſperer que vous aurez aſſés de bonté, pour agreér dans

812 977 2375 171 Ies defauts qui vous choqueront, l’affection d’un homme, qui a vou¬

812 1063 2380 180 lu imiter ces petits Oiſeaux religieux, qui preſenterent autresfois

817 1153 2366 185 leurs plumes, n’ayant rien de plus precieux dans la ſtructure d’un Tem¬

821 1238 2366 181 ple, que l’on dedioit a la Sageſſe, & où chacun venoit à la foule offrir

821 1329 2376 189 I’or, le marbre, l’yvoire, & autres ſemblables richeſſes. On peut

826 1428 2376 185 tousjours raiſonnablement excuſer les fautes de celuy, qui n’a point

826 1518 2371 176 d’autre intention, que de rendre ſervice aux particuliers, & au pu¬

831 1642 665 161 blic. ADIEU.
