3571 5642
771.0 531.0 1492.0 122.0 VERS L’EMPEREUR DE LA CHINE.

2615.0 568.0 50.0 94.0 9

348.0 634.0 2329.0 104.0 planterent leurs étandars ſur toutes les coſtes du Levant, du Midy, du Nord, & de

352.0 705.0 2320.0 103.0 l'Occident, de ſorte que tout le monde fut leur païs, & leur puiſſance qui n’eſtoit

352.0 780.0 2315.0 113.0 égalée que par l’orgueil fut ſi grande, qu’ils ont fait ſouvent porter des fers à ceux

357.0 851.0 1557.0 112.0 qui avoient autresfois porté les Septres & les Diademes.

1002.0 992.0 1035.0 122.0 CHAPITRE III.

616.0 1133.0 1778.0 112.0 Des Utilités qui reviennent à un Estat par les Navigations.

362.0 1283.0 117.0 188.0 C

465.0 1288.0 2216.0 108.0 e n’eſt pas peu de gloire à la Marine que Jeſus Chriſt eſtant icy bas a daigné de

489.0 1377.0 2181.0 89.0 ſanctifier par ſon attouchement les eaux du Jourdain, & de la Mer de Galilée ;

348.0 1429.0 2329.0 113.0 & qu’il a bien voulu choiſir une barque, pour de la, comme d’un Thrône de Ma¬

343.0 1504.0 2334.0 122.0 jeſté s’y faire reconnoitre Seigneur de l'Univers, enſeignant les peuples, comman¬

348.0 1584.0 2333.0 99.0 dant à la Mer de calmer ſes flots, & aux vents d’accoiſer leur tempeſtes. C’a eſté à

348.0 1659.0 2333.0 104.0 de pauvres Peſcheurs & Matelots qu’il s’eſt rendu le plus familier, & plus debon¬

343.0 1734.0 2343.0 104.0 naire, leur annonçant ſa doctrine celeſte, & les élevant aux plus eminentes Char¬

348.0 1810.0 2333.0 103.0 ges & Dignitez de ſon Royaume. Ce fut ſur les eaux qu’il inſtitua ſon premier &

343.0 1885.0 2338.0 108.0 plus neceſſaire Sacrement, pour communiquer ſa grace au genre humain, & le

343.0 1946.0 2324.0 108.0 nettoyer de tous ſes crimes & forfaits. Bref, d’une infinité de moyens, dont ſa ſa¬

329.0 2021.0 2329.0 118.0 geſſe pouvoit ſe ſervir, pour porter aux hommes par tout l’Univers les bonnes nou¬

334.0 2092.0 2324.0 108.0 velles de leur ſalut & redemption, il a choiſi, comme le plus utile & le plus conve¬

343.0 2167.0 2319.0 113.0 nable celuy de la Navigation, tantoſt par des Marchands, comme celuy qui l’an

338.0 2242.0 2324.0 104.0 1567. baptiza, & convertit à la Foy le Roy de Solor avec toute ſa Famille, & cét

343.0 2322.0 2334.0 104.0 autre Ingletius Genois qui l’an 1280. convertit la pluspart des Juifs de Major¬

343.0 2388.0 2338.0 117.0 que; tantoſt ſe ſervant de ſes Apoſtres, comme de S. Paul & de S. Thomas, qui

338.0 2473.0 2348.0 108.0 ont parcouru & ſanctifié preſque tout le monde par leur travaux, & particuliere¬

329.0 2538.0 2357.0 104.0 ment celuy-cy qui ſe pouſſa juſques à Malabar, Soctora, Cambave, Mogor, Ca¬

334.0 2623.0 1613.0 94.0 tay, & l’Amerique Auſtrale, pour y annoncer l’Evangile.

399.0 2684.0 2263.0 113.0 Si nous voulons parler politiquement, nous jugerons d’abord que la Navigation

324.0 2764.0 2338.0 104.0 eſt tres-utile, voire neceſſaire à la vie humaine, car combien y a-il d’endroits dans

334.0 2825.0 2333.0 118.0 l'Univers ſteriles, & infructueux, & qui ont manque de bled, de vin, & d'une

329.0 2915.0 2333.0 103.0 quantité de choſes neceſſaires, & dont ils ne peuvent eſtre pourveus que par la Mer?

399.0 2985.0 2268.0 108.0 Une autre commodité qui en revient, eſt le tranſport des poids & fardeaux, qui

324.0 3056.0 2343.0 112.0 ſe fait incomparablement avec plus de facilité par Mer, que par Terre, eſtant con¬

329.0 3131.0 2357.0 108.0 ſtant ouun ſeul Vaiſſeau de 300. tonneaux portera plus grand poids, que n’en ſçau¬

324.0 3201.0 2357.0 118.0 roient porter ou trainer deux mille chevaux: puis qu'un tel vaiſſeau portera 600000.

324.0 3291.0 2353.0 98.0 peſant, & qu’on ne ſçauroit donner 200. peſant à un cheval pour faire traitte plu¬

334.0 3361.0 2343.0 108.0 ſieurs jours, outre que le Vaiſſeau porte tout ſon attirail, là où par la ſeule nourriture

324.0 3432.0 2362.0 103.0 de deux mille chevaux, & des hommes neceſſaires à les conduire, il faudroit un pe¬

334.0 3498.0 1350.0 122.0 tit corps d’armée, tant ſont grands les embaras.

395.0 3573.0 2277.0 108.0 Il y a une infinité d’endroits, où on ne ſçauroit mener ni chevaux, ni charet¬

324.0 3657.0 2338.0 104.0 tes, où nous nous tranſportons par eau, recueillans, dans un ſeul vaiſſeau une infi¬

338.0 3714.0 2329.0 131.0 nité de choſes, qui eſtoient éparſes en des lieux fort éloignés, & qu’on n’ût jamais

338.0 3794.0 781.0 122.0 pû avoir par d’autres voyes.

385.0 3869.0 2282.0 118.0 Le chemin eſt beaucoup plus court & plus facile, & de moindre couſt par

334.0 3949.0 2333.0 103.0 eau que par terre; car bien qu’un Navire n’aille pas plus viſte qu’un bon cheval, il a

334.0 4015.0 2338.0 113.0 toutesfois cecy de particulier, qu’il vogue jour & nuict ſans s’arreſter, que lors que

324.0 4090.0 2348.0 117.0 les vents ſont du tout contraires. Il tient tousjours une méme route, & va par une

319.0 4165.0 2358.0 108.0 ligne droite, & un chemin le plus court: Que s’il falloit aller par terre aux Molu¬

324.0 4231.0 2343.0 122.0 ques querir des épiceries, ou bien ſeulement en Eſpagne querir des raiſins, olives,

329.0 4320.0 2338.0 108.0 ou figues, elles nous reviendroient à plus cher prix que l’or du Potozi, ou les Perles

324.0 4396.0 2353.0 112.0 du Sein Perſique, & une orange de Portugal nous couſteroit plus chere qu’un bon

324.0 4471.0 259.0 103.0 chapon.

395.0 4508.0 2263.0 146.0 Il n'y  a ville ni lieu au monde, pour deſert qu'il ſoit, & ſterile, qui ne devienne ri¬

315.0 4621.0 2338.0 113.0 che & opulent, ſi le commerce de la Mer y eſt en vigueur. Je ne veux pas ici vous fai¬

319.0 4696.0 2339.0 113.0 re un long recit de la naiſſance, du progrés, de l’avancement & de la decadence de

329.0 4758.0 2333.0 117.0 Tyr, Sidon, Athenes, Carthage, & de quantité de Villes maritimes, dont l’opulence,

329.0 4828.0 2338.0 118.0 les delices & la puiſſance ont donne de la jalouſie à toutes leurs voiſines, tant que les

324.0 4913.0 2343.0 188.0 Navigations ont eſté en credit chez elles, & ſont retournées à leu ancien domaine

2672.0 1968.0 235.0 85.0 Diverſes u¬

2662.0 2030.0 243.0 64.0 tilitez de la

2648.0 2073.0 258.0 94.0 Navigation.

2681.0 2167.0 217.0 86.0 L'Evangile

2680.0 2254.0 247.0 71.0 connu par i¬

2681.0 2296.0 108.0 92.0 celle.

2677.0 2715.0 240.0 71.0 La Naviga¬

2677.0 2776.0 237.0 51.0 tion fournis

2681.0 2832.0 247.0 49.0 ce qui man¬

2677.0 2881.0 178.0 54.0 que à un

2677.0 2933.0 99.0 80.0 païs

2662.0 3020.0 217.0 69.0 Tranſport

2686.0 3081.0 178.0 56.0 des poids.

2673.0 3603.0 264.0 73.0 Les Navires

2677.0 3671.0 230.0 59.0 vont où les

2672.0 3710.0 248.0 64.0 chevaux ne

2669.0 3747.0 229.0 82.0 peuvent al¬

2662.0 3818.0 90.0 74.0 ler.

2677.0 3909.0 227.0 70.0 chemin plus

2677.0 3972.0 191.0 59.0 court par

2677.0 4028.0 235.0 58.0 Mer que par

2672.0 4048.0 127.0 127.0 Terre.

2672.0 4569.0 224.0 64.0 Le commer¬

2667.0 4612.0 188.0 77.0 ce de Mer

2666.0 4675.0 241.0 60.0 enrichit un

2672.0 4730.0 99.0 61.0 païs.

1642.0 4993.0 45.0 102.0 B

2465.0 5022.0 202.0 126.0 & me¬
