<?xml version="1.0" encoding="UTF-8"?>
<alto xmlns:xsi="http://www.w3.org/2001/XMLSchema-instance"
      xmlns="http://www.loc.gov/standards/alto/ns-v4#"
      xsi:schemaLocation="http://www.loc.gov/standards/alto/ns-v4# http://www.loc.gov/standards/alto/v4/alto-4-2.xsd">
  <Description>
    <MeasurementUnit>pixel</MeasurementUnit>
    <sourceImageInformation>
      <fileName>bpt6k15120824_f37.tif.jpeg</fileName>
      
    </sourceImageInformation>
  </Description>
  
  <Tags>
    <OtherTag ID="BT3752" LABEL="StampZone" DESCRIPTION="block type StampZone"/><OtherTag ID="BT2381" LABEL="TitlePageZone" DESCRIPTION="block type TitlePageZone"/><OtherTag ID="BT2380" LABEL="TableZone" DESCRIPTION="block type TableZone"/><OtherTag ID="BT2378" LABEL="RunningTitleZone" DESCRIPTION="block type RunningTitleZone"/><OtherTag ID="BT2377" LABEL="QuireMarksZone" DESCRIPTION="block type QuireMarksZone"/><OtherTag ID="BT2376" LABEL="NumberingZone" DESCRIPTION="block type NumberingZone"/><OtherTag ID="BT2375" LABEL="MarginTextZone" DESCRIPTION="block type MarginTextZone"/><OtherTag ID="BT2374" LABEL="MainZone" DESCRIPTION="block type MainZone"/><OtherTag ID="BT2373" LABEL="GraphicZone" DESCRIPTION="block type GraphicZone"/><OtherTag ID="BT2372" LABEL="DropCapitalZone" DESCRIPTION="block type DropCapitalZone"/><OtherTag ID="BT2371" LABEL="DamageZone" DESCRIPTION="block type DamageZone"/>
    <OtherTag ID="LT837" LABEL="InterlinearLine" DESCRIPTION="line type InterlinearLine"/><OtherTag ID="LT836" LABEL="HeadingLine" DESCRIPTION="line type HeadingLine"/><OtherTag ID="LT835" LABEL="DropCapitalLine" DESCRIPTION="line type DropCapitalLine"/><OtherTag ID="LT834" LABEL="DefaultLine" DESCRIPTION="line type DefaultLine"/>
  </Tags>
  
  <Layout>
    <Page WIDTH="3578"
          HEIGHT="5704"
          PHYSICAL_IMG_NR="19"
          ID="eSc_dummypage_">
      <PrintSpace HPOS="0"
                  VPOS="0"
                  WIDTH="3578"
                  HEIGHT="5704">
        
        <TextBlock HPOS="867"
                   VPOS="567"
                   WIDTH="113"
                   HEIGHT="80"
                   ID="eSc_textblock_3ca4bb0c"
                   TAGREFS="BT2376">
          <Shape><Polygon POINTS="874 570 867 640 980 647 980 567"/></Shape>
          
          
          <TextLine ID="eSc_line_473db6fd"
                    TAGREFS="LT834"
                    BASELINE="881 632 964 629" 
                    HPOS="875"
                    VPOS="522"
                    WIDTH="86"
                    HEIGHT="133">
            <Shape><Polygon POINTS="880 627 875 537 956 522 961 627 956 655 875 651"/></Shape>
	    <String CONTENT="10"
                    HPOS="875"
                    VPOS="522"
                    WIDTH="86"
                    HEIGHT="133"></String>
          </TextLine>

          
        </TextBlock>
        
        <TextBlock HPOS="1099"
                   VPOS="537"
                   WIDTH="1894"
                   HEIGHT="95"
                   ID="eSc_textblock_0b8e8ca4"
                   TAGREFS="BT2378">
          <Shape><Polygon POINTS="1099 540 1099 632 2987 619 2993 537"/></Shape>
          
          
          <TextLine ID="line_0"
                    TAGREFS="LT836"
                    BASELINE="1108 620 2050 598 2983 603" 
                    HPOS="1084"
                    VPOS="475"
                    WIDTH="1894"
                    HEIGHT="171">
            <Shape><Polygon POINTS="1103 617 1084 518 1156 489 1160 489 1165 489 1170 489 1237 518 1246 522 1474 522 1494 513 1589 484 1593 484 1598 484 1779 513 1803 513 1831 508 2022 480 2026 480 2212 508 2231 508 2260 508 2555 475 2559 475 2564 475 2569 475 2569 480 2588 499 2645 475 2650 475 2654 475 2659 475 2740 503 2750 503 2968 503 2978 598 2973 627 1103 646"/></Shape>
	    <String CONTENT="L&#39;AMBASSADE DE LA C. Or. DES PROV. UNIES"
                    HPOS="1084"
                    VPOS="475"
                    WIDTH="1894"
                    HEIGHT="171"></String>
          </TextLine>

          
        </TextBlock>
        
        <TextBlock HPOS="893"
                   VPOS="647"
                   WIDTH="2407"
                   HEIGHT="4455"
                   ID="eSc_textblock_70b757e6"
                   TAGREFS="BT2374">
          <Shape><Polygon POINTS="893 660 899 5102 3300 5083 3253 647"/></Shape>
          
          
          <TextLine ID="line_1"
                    TAGREFS="LT834"
                    BASELINE="880 708 3230 693" 
                    HPOS="875"
                    VPOS="617"
                    WIDTH="2355"
                    HEIGHT="129">
            <Shape><Polygon POINTS="880 708 875 617 3216 622 3230 693 3225 732 880 746"/></Shape>
	    <String CONTENT="&amp; mediocrité, incontinent qu&#39;elles ont negligé cét employ, on que dautres le leur"
                    HPOS="875"
                    VPOS="617"
                    WIDTH="2355"
                    HEIGHT="129"></String>
          </TextLine>

          
          
          <TextLine ID="line_2"
                    TAGREFS="LT834"
                    BASELINE="896 794 3221 779" 
                    HPOS="884"
                    VPOS="698"
                    WIDTH="2332"
                    HEIGHT="119">
            <Shape><Polygon POINTS="894 793 884 717 3202 698 3216 774 3211 798 894 817"/></Shape>
	    <String CONTENT="ont ravi des mains. Je me contenteray de vous dire en paſſant, ce qui eſt connu de"
                    HPOS="884"
                    VPOS="698"
                    WIDTH="2332"
                    HEIGHT="119"></String>
          </TextLine>

          
          
          <TextLine ID="line_3"
                    TAGREFS="LT834"
                    BASELINE="891 867 3221 850" 
                    HPOS="880"
                    VPOS="770"
                    WIDTH="2336"
                    HEIGHT="123">
            <Shape><Polygon POINTS="889 865 880 789 3202 770 3216 846 3211 874 889 893"/></Shape>
	    <String CONTENT="tous: Que Veniſe n’eſtoit du commencement qu’une retraite de pauvres Peſcheurs:"
                    HPOS="880"
                    VPOS="770"
                    WIDTH="2336"
                    HEIGHT="123"></String>
          </TextLine>

          
          
          <TextLine ID="line_4"
                    TAGREFS="LT834"
                    BASELINE="897 938 1517 922 3225 926" 
                    HPOS="884"
                    VPOS="846"
                    WIDTH="2337"
                    HEIGHT="114">
            <Shape><Polygon POINTS="894 936 884 855 3211 846 3221 922 3216 955 894 960"/></Shape>
	    <String CONTENT="Que Genes l’une des belles Villes du monde, ne fut baſtie que dans un païs entouré"
                    HPOS="884"
                    VPOS="846"
                    WIDTH="2337"
                    HEIGHT="114"></String>
          </TextLine>

          
          
          <TextLine ID="line_5"
                    TAGREFS="LT834"
                    BASELINE="892 1015 3230 998" 
                    HPOS="880"
                    VPOS="922"
                    WIDTH="2345"
                    HEIGHT="104">
            <Shape><Polygon POINTS="889 1012 880 941 3211 922 3225 993 3221 1021 889 1026"/></Shape>
	    <String CONTENT="de montagnes,mais ſi infertiles que les habitans ſont contraints de faire apporter de"
                    HPOS="880"
                    VPOS="922"
                    WIDTH="2345"
                    HEIGHT="104"></String>
          </TextLine>

          
          
          <TextLine ID="line_7"
                    TAGREFS="LT834"
                    BASELINE="884 1074 3230 1074" 
                    HPOS="884"
                    VPOS="998"
                    WIDTH="2346"
                    HEIGHT="104">
            <Shape><Polygon POINTS="884 1074 884 998 3230 998 3230 1074 3230 1093 884 1102"/></Shape>
	    <String CONTENT="la terre de dehors, pour cultiver leurs Jardins. Et ceux qui ont hanté les Coſtes de"
                    HPOS="884"
                    VPOS="998"
                    WIDTH="2346"
                    HEIGHT="104"></String>
          </TextLine>

          
          
          <TextLine ID="line_8"
                    TAGREFS="LT834"
                    BASELINE="884 1155 3235 1145" 
                    HPOS="875"
                    VPOS="1064"
                    WIDTH="2360"
                    HEIGHT="119">
            <Shape><Polygon POINTS="884 1155 875 1079 3221 1064 3235 1145 3230 1169 884 1183"/></Shape>
	    <String CONTENT="Perſe, ſçavent que la ville d’Ormus eſt plantée au lieu le plus deſaſtreux &amp; diſgracié"
                    HPOS="875"
                    VPOS="1064"
                    WIDTH="2360"
                    HEIGHT="119"></String>
          </TextLine>

          
          
          <TextLine ID="line_9"
                    TAGREFS="LT834"
                    BASELINE="884 1231 3244 1221" 
                    HPOS="875"
                    VPOS="1145"
                    WIDTH="2369"
                    HEIGHT="114">
            <Shape><Polygon POINTS="884 1231 875 1150 3230 1145 3244 1221 3240 1240 884 1259"/></Shape>
	    <String CONTENT="Nature qui ſoit au monde. Le terroire y eſt ſi ſec &amp; aride, qu&#39;en toute l&#39;Iſle il n’y a"
                    HPOS="875"
                    VPOS="1145"
                    WIDTH="2369"
                    HEIGHT="114"></String>
          </TextLine>

          
          
          <TextLine ID="line_10"
                    TAGREFS="LT834"
                    BASELINE="880 1302 3244 1292" 
                    HPOS="870"
                    VPOS="1226"
                    WIDTH="2374"
                    HEIGHT="109">
            <Shape><Polygon POINTS="880 1302 870 1235 3230 1226 3244 1292 3240 1321 880 1335"/></Shape>
	    <String CONTENT="pas une ſource ni goute d’eau douce, ſi les plongeons ne la vont querir au fond de"
                    HPOS="870"
                    VPOS="1226"
                    WIDTH="2374"
                    HEIGHT="109"></String>
          </TextLine>

          
          
          <TextLine ID="line_11"
                    TAGREFS="LT834"
                    BASELINE="880 1373 3244 1373" 
                    HPOS="880"
                    VPOS="1302"
                    WIDTH="2364"
                    HEIGHT="109">
            <Shape><Polygon POINTS="880 1373 880 1302 3244 1302 3244 1373 3244 1411 880 1411"/></Shape>
	    <String CONTENT="la Mer, ou ſi l’on ne l’apporte de loin par bateau. Il n&#39;y croiſt ni arbre, ni arbriſſeau,"
                    HPOS="880"
                    VPOS="1302"
                    WIDTH="2364"
                    HEIGHT="109"></String>
          </TextLine>

          
          
          <TextLine ID="line_12"
                    TAGREFS="LT834"
                    BASELINE="880 1449 3249 1449" 
                    HPOS="880"
                    VPOS="1378"
                    WIDTH="2369"
                    HEIGHT="95">
            <Shape><Polygon POINTS="880 1449 880 1378 3249 1378 3249 1449 3249 1473 880 1473"/></Shape>
	    <String CONTENT="qui puiſſe donner quelque ombrage dans ce païs, où tout grille des ardeurs du So¬"
                    HPOS="880"
                    VPOS="1378"
                    WIDTH="2369"
                    HEIGHT="95"></String>
          </TextLine>

          
          
          <TextLine ID="line_13"
                    TAGREFS="LT834"
                    BASELINE="875 1525 3254 1525" 
                    HPOS="875"
                    VPOS="1449"
                    WIDTH="2379"
                    HEIGHT="110">
            <Shape><Polygon POINTS="875 1525 875 1449 3254 1449 3254 1525 3254 1559 875 1559"/></Shape>
	    <String CONTENT="leil. Il n&#39;y a pas méme un brin d’herbe; ce n’eſt qu&#39;une continuelle miniere de ſel"
                    HPOS="875"
                    VPOS="1449"
                    WIDTH="2379"
                    HEIGHT="110"></String>
          </TextLine>

          
          
          <TextLine ID="line_14"
                    TAGREFS="LT834"
                    BASELINE="875 1601 3249 1601" 
                    HPOS="875"
                    VPOS="1525"
                    WIDTH="2374"
                    HEIGHT="110">
            <Shape><Polygon POINTS="875 1601 875 1525 3249 1525 3249 1601 3249 1635 875 1635"/></Shape>
	    <String CONTENT="&amp; de ſoufre. On y voit pluſieurs Volcans qui par fois s’embraſent d’une telle façon,"
                    HPOS="875"
                    VPOS="1525"
                    WIDTH="2374"
                    HEIGHT="110"></String>
          </TextLine>

          
          
          <TextLine ID="line_15"
                    TAGREFS="LT834"
                    BASELINE="875 1677 3254 1668" 
                    HPOS="865"
                    VPOS="1597"
                    WIDTH="2389"
                    HEIGHT="104">
            <Shape><Polygon POINTS="875 1677 865 1606 3240 1597 3254 1668 3249 1701 875 1701"/></Shape>
	    <String CONTENT="qu’il y a quelque temps que l’eſpace de ſix ans toute l’Iſle reſſembloit à une fournai¬"
                    HPOS="865"
                    VPOS="1597"
                    WIDTH="2389"
                    HEIGHT="104"></String>
          </TextLine>

          
          
          <TextLine ID="line_16"
                    TAGREFS="LT834"
                    BASELINE="875 1749 3249 1734" 
                    HPOS="865"
                    VPOS="1663"
                    WIDTH="2384"
                    HEIGHT="114">
            <Shape><Polygon POINTS="875 1749 865 1682 3235 1663 3249 1734 3244 1763 875 1777"/></Shape>
	    <String CONTENT="ſe, on en voit encore les cendres &amp; les rochers convertis en briques. En toute l&#39;iſle"
                    HPOS="865"
                    VPOS="1663"
                    WIDTH="2384"
                    HEIGHT="114"></String>
          </TextLine>

          
          
          <TextLine ID="line_17"
                    TAGREFS="LT834"
                    BASELINE="875 1825 3249 1811" 
                    HPOS="865"
                    VPOS="1744"
                    WIDTH="2384"
                    HEIGHT="105">
            <Shape><Polygon POINTS="875 1825 865 1758 3235 1744 3249 1811 3244 1839 875 1849"/></Shape>
	    <String CONTENT="on ne peut nourrir ni beuf, ni mouton, ni volaille, ni aucun animal privé ou ſauva¬"
                    HPOS="865"
                    VPOS="1744"
                    WIDTH="2384"
                    HEIGHT="105"></String>
          </TextLine>

          
          
          <TextLine ID="line_18"
                    TAGREFS="LT834"
                    BASELINE="884 1896 3249 1891" 
                    HPOS="875"
                    VPOS="1811"
                    WIDTH="2374"
                    HEIGHT="123">
            <Shape><Polygon POINTS="884 1896 875 1830 3235 1811 3249 1891 3244 1929 884 1934"/></Shape>
	    <String CONTENT="ge, &amp; il ne s’y trouve rien, qui ne ſoit apporté des païs étrangers. Les tremble-"
                    HPOS="875"
                    VPOS="1811"
                    WIDTH="2374"
                    HEIGHT="123"></String>
          </TextLine>

          
          
          <TextLine ID="line_19"
                    TAGREFS="LT834"
                    BASELINE="880 1972 3249 1963" 
                    HPOS="870"
                    VPOS="1896"
                    WIDTH="2379"
                    HEIGHT="109">
            <Shape><Polygon POINTS="880 1972 870 1906 3235 1896 3249 1963 3244 1996 880 2005"/></Shape>
	    <String CONTENT="mens de terre y ſont fort frequens. Les chaleurs y ſont plus exceſſives que ſous l’E¬"
                    HPOS="870"
                    VPOS="1896"
                    WIDTH="2379"
                    HEIGHT="109"></String>
          </TextLine>

          
          
          <TextLine ID="line_20"
                    TAGREFS="LT834"
                    BASELINE="875 2043 3263 2043" 
                    HPOS="875"
                    VPOS="1972"
                    WIDTH="2388"
                    HEIGHT="105">
            <Shape><Polygon POINTS="875 2043 875 1972 3263 1972 3263 2043 3263 2067 875 2077"/></Shape>
	    <String CONTENT="quateur, &amp; ceux qui y demeurent ſont forcez d’eſtre toute la journée ſous des ten¬"
                    HPOS="875"
                    VPOS="1972"
                    WIDTH="2388"
                    HEIGHT="105"></String>
          </TextLine>

          
          
          <TextLine ID="line_21"
                    TAGREFS="LT834"
                    BASELINE="880 2115 3263 2115" 
                    HPOS="880"
                    VPOS="2043"
                    WIDTH="2383"
                    HEIGHT="110">
            <Shape><Polygon POINTS="880 2115 880 2043 3263 2043 3263 2115 3263 2153 880 2153"/></Shape>
	    <String CONTENT="tes &amp; pavillons dans des Gondoles pleines d’eau. D&#39;où viendroit donc une ſi gran¬"
                    HPOS="880"
                    VPOS="2043"
                    WIDTH="2383"
                    HEIGHT="110"></String>
          </TextLine>

          
          
          <TextLine ID="line_22"
                    TAGREFS="LT834"
                    BASELINE="880 2186 3249 2196" 
                    HPOS="870"
                    VPOS="2110"
                    WIDTH="2379"
                    HEIGHT="114">
            <Shape><Polygon POINTS="880 2186 880 2110 3249 2119 3249 2196 3240 2224 870 2205"/></Shape>
	    <String CONTENT="de affluence de monde dans un païs, où les Serpents mémes ne peuvent pas vivre,"
                    HPOS="870"
                    VPOS="2110"
                    WIDTH="2379"
                    HEIGHT="114"></String>
          </TextLine>

          
          
          <TextLine ID="line_23"
                    TAGREFS="LT834"
                    BASELINE="880 2257 3263 2272" 
                    HPOS="870"
                    VPOS="2181"
                    WIDTH="2393"
                    HEIGHT="114">
            <Shape><Polygon POINTS="880 2257 880 2181 3259 2191 3263 2272 3254 2295 870 2291"/></Shape>
	    <String CONTENT="ſinon du grand trafic qui y eſt, &amp; de l&#39;abord univerſel de toutes les Nations, qui fait"
                    HPOS="870"
                    VPOS="2181"
                    WIDTH="2393"
                    HEIGHT="114"></String>
          </TextLine>

          
          
          <TextLine ID="line_24"
                    TAGREFS="LT834"
                    BASELINE="880 2343 3263 2333" 
                    HPOS="870"
                    VPOS="2267"
                    WIDTH="2393"
                    HEIGHT="109">
            <Shape><Polygon POINTS="880 2343 870 2276 3249 2267 3263 2333 3259 2367 880 2376"/></Shape>
	    <String CONTENT="que n’y croiſſant rien, tout y abonde, non ſeulement les choſes neceſſaires à la vie"
                    HPOS="870"
                    VPOS="2267"
                    WIDTH="2393"
                    HEIGHT="109"></String>
          </TextLine>

          
          
          <TextLine ID="line_25"
                    TAGREFS="LT834"
                    BASELINE="880 2419 3268 2419" 
                    HPOS="880"
                    VPOS="2348"
                    WIDTH="2388"
                    HEIGHT="95">
            <Shape><Polygon POINTS="880 2419 880 2348 3268 2348 3268 2419 3268 2443 880 2443"/></Shape>
	    <String CONTENT="de l&#39;homme, mais encore celles que les plus voluptueux peuvent deſirer. Car eſtant"
                    HPOS="880"
                    VPOS="2348"
                    WIDTH="2388"
                    HEIGHT="95"></String>
          </TextLine>

          
          
          <TextLine ID="line_26"
                    TAGREFS="LT834"
                    BASELINE="880 2495 3268 2485" 
                    HPOS="870"
                    VPOS="2414"
                    WIDTH="2398"
                    HEIGHT="110">
            <Shape><Polygon POINTS="880 2495 870 2419 3254 2414 3268 2485 3263 2505 880 2524"/></Shape>
	    <String CONTENT="à l’emboucheure du Sein Perſique, c’eſt le commun rende-vous de tous les Vaiſ¬"
                    HPOS="870"
                    VPOS="2414"
                    WIDTH="2398"
                    HEIGHT="110"></String>
          </TextLine>

          
          
          <TextLine ID="line_27"
                    TAGREFS="LT834"
                    BASELINE="880 2566 3268 2566" 
                    HPOS="880"
                    VPOS="2495"
                    WIDTH="2388"
                    HEIGHT="105">
            <Shape><Polygon POINTS="880 2566 880 2495 3268 2495 3268 2566 3268 2590 880 2600"/></Shape>
	    <String CONTENT="ſeaux Marchands d’Orient, Turcs, Indiens, Arabes, Perſans, Abyſſins, Armeniens,"
                    HPOS="880"
                    VPOS="2495"
                    WIDTH="2388"
                    HEIGHT="105"></String>
          </TextLine>

          
          
          <TextLine ID="line_28"
                    TAGREFS="LT834"
                    BASELINE="880 2647 3273 2638" 
                    HPOS="870"
                    VPOS="2566"
                    WIDTH="2403"
                    HEIGHT="100">
            <Shape><Polygon POINTS="880 2647 870 2576 3259 2566 3273 2638 3268 2657 880 2666"/></Shape>
	    <String CONTENT="Georgiens, &amp; de toutes les Contrées de noſtre Europe; de ſorte que cette Iſle in¬"
                    HPOS="870"
                    VPOS="2566"
                    WIDTH="2403"
                    HEIGHT="100"></String>
          </TextLine>

          
          
          <TextLine ID="line_29"
                    TAGREFS="LT834"
                    BASELINE="884 2723 3273 2714" 
                    HPOS="875"
                    VPOS="2642"
                    WIDTH="2398"
                    HEIGHT="100">
            <Shape><Polygon POINTS="884 2723 875 2652 3259 2642 3273 2714 3268 2733 884 2742"/></Shape>
	    <String CONTENT="ſupportable pour ſa chaleur, &amp; qu’on devroit fuir pour ſa ſterilité, foiſonne en peu¬"
                    HPOS="875"
                    VPOS="2642"
                    WIDTH="2398"
                    HEIGHT="100"></String>
          </TextLine>

          
          
          <TextLine ID="line_30"
                    TAGREFS="LT834"
                    BASELINE="884 2799 3268 2785" 
                    HPOS="875"
                    VPOS="2704"
                    WIDTH="2393"
                    HEIGHT="133">
            <Shape><Polygon POINTS="884 2799 875 2723 3254 2704 3268 2785 3263 2813 884 2837"/></Shape>
	    <String CONTENT="ples Originaires &amp; Etrangers, qui y vivent en tel luxe, &amp; telles voluptés (qui font"
                    HPOS="875"
                    VPOS="2704"
                    WIDTH="2393"
                    HEIGHT="133"></String>
          </TextLine>

          
          
          <TextLine ID="line_31"
                    TAGREFS="LT834"
                    BASELINE="880 2875 3273 2861" 
                    HPOS="870"
                    VPOS="2794"
                    WIDTH="2403"
                    HEIGHT="119">
            <Shape><Polygon POINTS="880 2875 870 2809 3259 2794 3273 2861 3268 2890 880 2913"/></Shape>
	    <String CONTENT="fondre le corps en toute ſorte de corruptions) qu’on craint juſtement que pour ſes"
                    HPOS="870"
                    VPOS="2794"
                    WIDTH="2403"
                    HEIGHT="119"></String>
          </TextLine>

          
          
          <TextLine ID="line_32"
                    TAGREFS="LT834"
                    BASELINE="884 2951 3268 2932" 
                    HPOS="875"
                    VPOS="2866"
                    WIDTH="2393"
                    HEIGHT="119">
            <Shape><Polygon POINTS="884 2951 875 2885 3254 2866 3268 2932 3263 2966 884 2985"/></Shape>
	    <String CONTENT="crimes elle ne ſoit un jour abyſmée comme une Sodome: Les Navigations chan¬"
                    HPOS="875"
                    VPOS="2866"
                    WIDTH="2393"
                    HEIGHT="119"></String>
          </TextLine>

          
          
          <TextLine ID="line_33"
                    TAGREFS="LT834"
                    BASELINE="894 3027 3273 3027" 
                    HPOS="894"
                    VPOS="2947"
                    WIDTH="2379"
                    HEIGHT="114">
            <Shape><Polygon POINTS="894 3027 894 2947 3273 2947 3273 3027 3273 3051 894 3061"/></Shape>
	    <String CONTENT="geant ainſi le leu le plus miſerable de la Terre, en un des plus delicieux que l&#39;on y"
                    HPOS="894"
                    VPOS="2947"
                    WIDTH="2379"
                    HEIGHT="114"></String>
          </TextLine>

          
          
          <TextLine ID="line_34"
                    TAGREFS="LT834"
                    BASELINE="889 3103 1208 3103" 
                    HPOS="889"
                    VPOS="3032"
                    WIDTH="319"
                    HEIGHT="95">
            <Shape><Polygon POINTS="889 3103 889 3032 1208 3032 1208 3103 1208 3122 889 3127"/></Shape>
	    <String CONTENT="connoiſſe."
                    HPOS="889"
                    VPOS="3032"
                    WIDTH="319"
                    HEIGHT="95"></String>
          </TextLine>

          
          
          <TextLine ID="line_35"
                    TAGREFS="LT834"
                    BASELINE="974 3181 1534 3181 2071 3177 2421 3175 3268 3165" 
                    HPOS="961"
                    VPOS="3080"
                    WIDTH="2302"
                    HEIGHT="118">
            <Shape><Polygon POINTS="970 3179 961 3089 3249 3080 3263 3160 3263 3189 970 3198"/></Shape>
	    <String CONTENT="Que ſi le traſic, &amp; tout le negoce qui ſe pratique durant la paix, recoit tant d&#39;uti¬"
                    HPOS="961"
                    VPOS="3080"
                    WIDTH="2302"
                    HEIGHT="118"></String>
          </TextLine>

          
          
          <TextLine ID="line_37"
                    TAGREFS="LT834"
                    BASELINE="894 3261 1322 3261 1475 3260 1890 3251 2150 3251 3268 3241" 
                    HPOS="880"
                    VPOS="3165"
                    WIDTH="2383"
                    HEIGHT="110">
            <Shape><Polygon POINTS="889 3260 880 3175 3249 3165 3263 3237 3263 3270 889 3275"/></Shape>
	    <String CONTENT="lités des Navigations, que dirons nous des guerres qui arrivent journellement entre"
                    HPOS="880"
                    VPOS="3165"
                    WIDTH="2383"
                    HEIGHT="110"></String>
          </TextLine>

          
          
          <TextLine ID="line_41"
                    TAGREFS="LT834"
                    BASELINE="889 3327 3278 3313" 
                    HPOS="880"
                    VPOS="3246"
                    WIDTH="2398"
                    HEIGHT="119">
            <Shape><Polygon POINTS="889 3327 880 3251 3263 3246 3278 3313 3273 3336 889 3365"/></Shape>
	    <String CONTENT="les Eſtats &amp; Princes Voiſins? C’eſt ſur Mers, qu’elles ſe font avec peu de frais, ſe ter¬"
                    HPOS="880"
                    VPOS="3246"
                    WIDTH="2398"
                    HEIGHT="119"></String>
          </TextLine>

          
          
          <TextLine ID="line_42"
                    TAGREFS="LT834"
                    BASELINE="889 3403 3283 3389" 
                    HPOS="880"
                    VPOS="3322"
                    WIDTH="2403"
                    HEIGHT="119">
            <Shape><Polygon POINTS="889 3403 880 3336 3268 3322 3283 3389 3278 3412 889 3441"/></Shape>
	    <String CONTENT="minent en peu d’heures, &amp; font en peu de jours des effets que les plus nombreuſes"
                    HPOS="880"
                    VPOS="3322"
                    WIDTH="2403"
                    HEIGHT="119"></String>
          </TextLine>

          
          
          <TextLine ID="line_43"
                    TAGREFS="LT834"
                    BASELINE="884 3474 3283 3460" 
                    HPOS="875"
                    VPOS="3398"
                    WIDTH="2408"
                    HEIGHT="105">
            <Shape><Polygon POINTS="884 3474 875 3412 3268 3398 3283 3460 3278 3488 884 3503"/></Shape>
	    <String CONTENT="Armées de terre n’oſeroient ſe promettre en pluſieurs années. Le ſoldat ne patit"
                    HPOS="875"
                    VPOS="3398"
                    WIDTH="2408"
                    HEIGHT="105"></String>
          </TextLine>

          
          
          <TextLine ID="line_44"
                    TAGREFS="LT834"
                    BASELINE="889 3550 3273 3536" 
                    HPOS="880"
                    VPOS="3469"
                    WIDTH="2393"
                    HEIGHT="105">
            <Shape><Polygon POINTS="889 3550 880 3484 3259 3469 3273 3536 3268 3564 889 3574"/></Shape>
	    <String CONTENT="que fort peu, ſon vivre eſt aſſeuré, il eſt preſt à toute heure au combat. Il ſe range"
                    HPOS="880"
                    VPOS="3469"
                    WIDTH="2393"
                    HEIGHT="105"></String>
          </TextLine>

          
          
          <TextLine ID="line_45"
                    TAGREFS="LT834"
                    BASELINE="894 3626 3283 3607" 
                    HPOS="884"
                    VPOS="3536"
                    WIDTH="2399"
                    HEIGHT="114">
            <Shape><Polygon POINTS="894 3626 884 3545 3268 3536 3283 3607 3278 3636 894 3650"/></Shape>
	    <String CONTENT="Volontiers à l’ordre qui y eſt établi: là où ſur terre les miſeres qu’il ſouffre, &amp; qu’il"
                    HPOS="884"
                    VPOS="3536"
                    WIDTH="2399"
                    HEIGHT="114"></String>
          </TextLine>

          
          
          <TextLine ID="line_46"
                    TAGREFS="LT834"
                    BASELINE="894 3698 3287 3698" 
                    HPOS="894"
                    VPOS="3612"
                    WIDTH="2393"
                    HEIGHT="114">
            <Shape><Polygon POINTS="894 3698 894 3612 3287 3622 3287 3698 3287 3712 894 3726"/></Shape>
	    <String CONTENT="fait ſouffir en tous lieux par ſes rodomontades &amp; tyrannies, ſont telles que perſon¬"
                    HPOS="894"
                    VPOS="3612"
                    WIDTH="2393"
                    HEIGHT="114"></String>
          </TextLine>

          
          
          <TextLine ID="line_47"
                    TAGREFS="LT834"
                    BASELINE="889 3783 2117 3764" 
                    HPOS="880"
                    VPOS="3688"
                    WIDTH="1237"
                    HEIGHT="124">
            <Shape><Polygon POINTS="889 3783 880 3707 2103 3688 2117 3764 2112 3778 889 3812"/></Shape>
	    <String CONTENT="ne ne les peut comprendre, ni les décrire."
                    HPOS="880"
                    VPOS="3688"
                    WIDTH="1237"
                    HEIGHT="124"></String>
          </TextLine>

          
          
          <TextLine ID="line_48"
                    TAGREFS="LT834"
                    BASELINE="965 3850 3283 3831" 
                    HPOS="956"
                    VPOS="3764"
                    WIDTH="2327"
                    HEIGHT="109">
            <Shape><Polygon POINTS="965 3850 956 3783 3268 3764 3283 3831 3278 3859 965 3873"/></Shape>
	    <String CONTENT="Que l’on ne m’objette pas que c’eſt une folie de monter ſur mer, lors que l’on"
                    HPOS="956"
                    VPOS="3764"
                    WIDTH="2327"
                    HEIGHT="109"></String>
          </TextLine>

          
          
          <TextLine ID="line_49"
                    TAGREFS="LT834"
                    BASELINE="894 3926 3287 3911" 
                    HPOS="884"
                    VPOS="3835"
                    WIDTH="2403"
                    HEIGHT="129">
            <Shape><Polygon POINTS="894 3926 884 3850 3273 3835 3287 3911 3283 3931 894 3964"/></Shape>
	    <String CONTENT="peut cheminer par terre, &amp; qu’il y a de la temerité à entre-prendre des voyages ſi"
                    HPOS="884"
                    VPOS="3835"
                    WIDTH="2403"
                    HEIGHT="129"></String>
          </TextLine>

          
          
          <TextLine ID="line_50"
                    TAGREFS="LT834"
                    BASELINE="899 3997 3283 3997" 
                    HPOS="899"
                    VPOS="3926"
                    WIDTH="2384"
                    HEIGHT="104">
            <Shape><Polygon POINTS="899 3997 899 3926 3283 3926 3283 3997 3283 4016 899 4030"/></Shape>
	    <String CONTENT="perilleux; ce ne ſont là que des raiſonnemens de quelques ames femelles, abbatuës,"
                    HPOS="899"
                    VPOS="3926"
                    WIDTH="2384"
                    HEIGHT="104"></String>
          </TextLine>

          
          
          <TextLine ID="line_51"
                    TAGREFS="LT834"
                    BASELINE="875 4083 3268 4068" 
                    HPOS="865"
                    VPOS="3992"
                    WIDTH="2403"
                    HEIGHT="110">
            <Shape><Polygon POINTS="875 4083 865 4007 3254 3992 3268 4068 3263 4087 875 4102"/></Shape>
	    <String CONTENT="&amp; aveuglées de leur amour propre. Je dis au contraire que ce ſont des marques de"
                    HPOS="865"
                    VPOS="3992"
                    WIDTH="2403"
                    HEIGHT="110"></String>
          </TextLine>

          
          
          <TextLine ID="line_52"
                    TAGREFS="LT834"
                    BASELINE="913 4147 3287 4144" 
                    HPOS="899"
                    VPOS="4073"
                    WIDTH="2384"
                    HEIGHT="109">
            <Shape><Polygon POINTS="908 4144 899 4083 3268 4073 3283 4140 3283 4163 908 4182"/></Shape>
	    <String CONTENT="grands courages, &amp; d’ames vrayement Nobles &amp; Martiales, voire qui ſurpaſſent"
                    HPOS="899"
                    VPOS="4073"
                    WIDTH="2384"
                    HEIGHT="109"></String>
          </TextLine>

          
          
          <TextLine ID="line_54"
                    TAGREFS="LT834"
                    BASELINE="903 4225 961 4230 3278 4220" 
                    HPOS="889"
                    VPOS="4144"
                    WIDTH="2384"
                    HEIGHT="119">
            <Shape><Polygon POINTS="899 4220 889 4159 3259 4144 3273 4216 3268 4249 899 4263"/></Shape>
	    <String CONTENT="de beaucoup la valeur des Gentils-hommes champeſtres (qui ne s’étudient le plus"
                    HPOS="889"
                    VPOS="4144"
                    WIDTH="2384"
                    HEIGHT="119"></String>
          </TextLine>

          
          
          <TextLine ID="line_57"
                    TAGREFS="LT834"
                    BASELINE="904 4301 3283 4292" 
                    HPOS="894"
                    VPOS="4225"
                    WIDTH="2389"
                    HEIGHT="100">
            <Shape><Polygon POINTS="904 4301 894 4235 3268 4225 3283 4292 3278 4316 904 4325"/></Shape>
	    <String CONTENT="ſouvent qu’à theſauriſer, &amp; méme par de voyes illicites, pour ſatisfaire à leur am¬"
                    HPOS="894"
                    VPOS="4225"
                    WIDTH="2389"
                    HEIGHT="100"></String>
          </TextLine>

          
          
          <TextLine ID="line_58"
                    TAGREFS="LT834"
                    BASELINE="904 4382 3287 4363" 
                    HPOS="894"
                    VPOS="4297"
                    WIDTH="2393"
                    HEIGHT="109">
            <Shape><Polygon POINTS="904 4382 894 4301 3273 4297 3287 4363 3283 4387 904 4406"/></Shape>
	    <String CONTENT="bition, leur lubricité, &amp; molleſſe) d&#39;engager à ſourcils élevés &amp; à cœurs hors de"
                    HPOS="894"
                    VPOS="4297"
                    WIDTH="2393"
                    HEIGHT="109"></String>
          </TextLine>

          
          
          <TextLine ID="line_59"
                    TAGREFS="LT834"
                    BASELINE="904 4453 3287 4444" 
                    HPOS="894"
                    VPOS="4377"
                    WIDTH="2393"
                    HEIGHT="100">
            <Shape><Polygon POINTS="904 4453 894 4387 3273 4377 3287 4444 3283 4472 904 4477"/></Shape>
	    <String CONTENT="branle ſur des Vaiſſeaux leurs perſonnes, voire toutes leurs chevances, pour en"
                    HPOS="894"
                    VPOS="4377"
                    WIDTH="2393"
                    HEIGHT="100"></String>
          </TextLine>

          
          
          <TextLine ID="line_60"
                    TAGREFS="LT834"
                    BASELINE="904 4529 3283 4520" 
                    HPOS="894"
                    VPOS="4453"
                    WIDTH="2389"
                    HEIGHT="110">
            <Shape><Polygon POINTS="904 4529 894 4463 3268 4453 3283 4520 3278 4544 904 4563"/></Shape>
	    <String CONTENT="trouver des plus grandes au milieu des Mers les plus éloignées, y portant, &amp; en ti¬"
                    HPOS="894"
                    VPOS="4453"
                    WIDTH="2389"
                    HEIGHT="110"></String>
          </TextLine>

          
          
          <TextLine ID="line_61"
                    TAGREFS="LT834"
                    BASELINE="904 4610 3283 4591" 
                    HPOS="894"
                    VPOS="4510"
                    WIDTH="2389"
                    HEIGHT="124">
            <Shape><Polygon POINTS="904 4610 894 4539 3268 4510 3283 4591 3283 4615 904 4634"/></Shape>
	    <String CONTENT="rant des denrées, dont ils profitent à double uſure, en avancent le bien public, &amp;"
                    HPOS="894"
                    VPOS="4510"
                    WIDTH="2389"
                    HEIGHT="124"></String>
          </TextLine>

          
          
          <TextLine ID="line_62"
                    TAGREFS="LT834"
                    BASELINE="904 4682 3278 4667" 
                    HPOS="894"
                    VPOS="4601"
                    WIDTH="2384"
                    HEIGHT="109">
            <Shape><Polygon POINTS="904 4682 894 4615 3263 4601 3278 4667 3273 4696 904 4710"/></Shape>
	    <String CONTENT="conſervent la liberté de leur Patrie. Et non de merveille ſi les plus grands Politi¬"
                    HPOS="894"
                    VPOS="4601"
                    WIDTH="2384"
                    HEIGHT="109"></String>
          </TextLine>

          
          
          <TextLine ID="line_63"
                    TAGREFS="LT834"
                    BASELINE="913 4758 3278 4743" 
                    HPOS="904"
                    VPOS="4677"
                    WIDTH="2374"
                    HEIGHT="119">
            <Shape><Polygon POINTS="913 4758 904 4682 3263 4677 3278 4743 3273 4767 913 4796"/></Shape>
	    <String CONTENT="ques trouvent bon que tous les Eſtats, qui veulent mettre chez eux le commerce en"
                    HPOS="904"
                    VPOS="4677"
                    WIDTH="2374"
                    HEIGHT="119"></String>
          </TextLine>

          
          
          <TextLine ID="line_64"
                    TAGREFS="LT834"
                    BASELINE="909 4843 1386 4838 3263 4824" 
                    HPOS="670"
                    VPOS="4748"
                    WIDTH="2589"
                    HEIGHT="105">
            <Shape><Polygon POINTS="675 4810 670 4748 3249 4748 3259 4819 3254 4843 675 4853"/></Shape>
	    <String CONTENT="credit, ou garder celuy qu&#39;ils y ont acquis, faſſent eſtimer, honorer, &amp; élever aux"
                    HPOS="670"
                    VPOS="4748"
                    WIDTH="2589"
                    HEIGHT="105"></String>
          </TextLine>

          
          
          <TextLine ID="line_65"
                  TAGREFS="LT834"
                    BASELINE="922 4917 3278 4900" 
                    HPOS="913"
                    VPOS="4819"
                    WIDTH="2360"
                    HEIGHT="119">
            <Shape><Polygon POINTS="3244 4824 3197 4824 3149 4824 3102 4824 3054 4824 3007 4824 2959 4824 2911 4824 2864 4824 2816 4824 2769 4824 2721 4824 2673 4824 2626 4829 2578 4829 2531 4829 2483 4829 2436 4829 2388 4829 2340 4829 2293 4829 2245 4829 2198 4829 2150 4829 2103 4829 2083 4829 1998 4829 1960 4834 1912 4834 1865 4834 1817 4834 1769 4834 1722 4834 1674 4834 1627 4834 1579 4834 1532 4834 1494 4834 1379 4834 1341 4838 1294 4838 1246 4838 1199 4838 1151 4838 1103 4838 1056 4838 1008 4838 961 4838 913 4838 918 4914 918 4938 3268 4933 3273 4895 3259 4819 3244 4819 3244 4824"/></Shape>
	    <String CONTENT="Charges ceux qui l&#39;exercent. Et de fait, il eſt impoſſible qu&#39;une perſonne qui a bien"
                    HPOS="913"
                    VPOS="4819"
                    WIDTH="2360"
                    HEIGHT="119"></String>
          </TextLine>

          
          
          <TextLine ID="eSc_line_e49fb17f"
                  TAGREFS="LT834"
                    BASELINE="919 4982 1723 4977 2111 4975 3265 4968" 
                    HPOS="913"
                    VPOS="4905"
                    WIDTH="2350"
                    HEIGHT="119">
            <Shape><Polygon POINTS="918 4981 918 5024 3259 4995 3263 4967 3249 4905 913 4914 918 4981"/></Shape>
	    <String CONTENT="reüſſi dans le trafic, ne ſoit homme de bien, loial, fidele, prudent, judicieux, ac¬"
                    HPOS="913"
                    VPOS="4905"
                    WIDTH="2350"
                    HEIGHT="119"></String>
          </TextLine>

          
          
          <TextLine ID="line_68"
                    TAGREFS="LT834"
                    BASELINE="908 5067 1892 5057 3268 5043" 
                    HPOS="899"
                    VPOS="4971"
                    WIDTH="2364"
                    HEIGHT="157">
            <Shape><Polygon POINTS="3183 4971 3135 4971 3087 4971 3040 4971 2992 4971 2945 4971 2897 4971 2850 4971 2802 4971 2778 4971 2483 4971 2469 4976 2421 4976 2374 4976 2326 4976 2307 4976 899 4986 904 5062 908 5119 965 5095 1132 5095 1160 5119 1160 5124 1165 5124 1170 5124 1175 5124 1179 5124 1184 5124 1184 5119 1213 5100 1241 5119 1241 5124 1246 5124 1251 5124 1256 5124 1422 5119 2364 5095 2407 5124 2412 5124 2417 5124 2421 5128 2745 5128 2745 5124 2750 5124 2754 5124 2754 5119 2783 5095 2935 5095 2978 5124 2983 5124 2988 5124 3035 5088 3259 5065 3263 5057 3254 4971 3230 4971"/></Shape>
	    <String CONTENT="cort, debonnaire, qu&#39;il ne ſçache le fort &amp; le faible d&#39;un Païs, la façon de pratiquer"
                    HPOS="899"
                    VPOS="4971"
                    WIDTH="2364"
                    HEIGHT="157"></String>
          </TextLine>

          
        </TextBlock>
        
        <TextBlock HPOS="632"
                   VPOS="712"
                   WIDTH="256"
                   HEIGHT="434"
                   ID="eSc_textblock_f9ceadac"
                   TAGREFS="BT2375">
          <Shape><Polygon POINTS="885 712 888 1146 632 1133 632 732"/></Shape>
          
          
          <TextLine ID="eSc_line_0aecddc4"
                    TAGREFS="LT834"
                    BASELINE="652 799 857 796" 
                    HPOS="642"
                    VPOS="722"
                    WIDTH="214"
                    HEIGHT="101">
            <Shape><Polygon POINTS="651 798 642 722 839 736 856 793 854 823 674 815"/></Shape>
	    <String CONTENT="Opulance à"
                    HPOS="642"
                    VPOS="722"
                    WIDTH="214"
                    HEIGHT="101"></String>
          </TextLine>

          
          
          <TextLine ID="eSc_line_b80942a3"
                    TAGREFS="LT834"
                    BASELINE="658 848 881 847" 
                    HPOS="656"
                    VPOS="798"
                    WIDTH="224"
                    HEIGHT="81">
            <Shape><Polygon POINTS="799 798 751 798 704 798 656 798 656 846 656 869 875 879 880 846 846 798 799 798"/></Shape>
	    <String CONTENT="laquelle ſont"
                    HPOS="656"
                    VPOS="798"
                    WIDTH="224"
                    HEIGHT="81"></String>
          </TextLine>

          
          
          <TextLine ID="eSc_line_0c53db93"
                    TAGREFS="LT834"
                    BASELINE="652 914 850 903" 
                    HPOS="642"
                    VPOS="831"
                    WIDTH="209"
                    HEIGHT="143">
            <Shape><Polygon POINTS="651 912 642 831 837 831 846 898 851 960 651 974"/></Shape>
	    <String CONTENT="parvenuës"
                    HPOS="642"
                    VPOS="831"
                    WIDTH="209"
                    HEIGHT="143"></String>
          </TextLine>

          
          
          <TextLine ID="eSc_line_9d9f5f03"
                    TAGREFS="LT834"
                    BASELINE="655 966 878 949" 
                    HPOS="647"
                    VPOS="879"
                    WIDTH="228"
                    HEIGHT="95">
            <Shape><Polygon POINTS="837 903 789 903 742 907 694 912 647 912 651 964 651 974 870 964 875 945 861 879 846 879 837 903"/></Shape>
	    <String CONTENT="les Villes de"
                    HPOS="647"
                    VPOS="879"
                    WIDTH="228"
                    HEIGHT="95"></String>
          </TextLine>

          
          
          <TextLine ID="eSc_line_595046fd"
                    TAGREFS="LT834"
                    BASELINE="658 1018 866 1004" 
                    HPOS="651"
                    VPOS="950"
                    WIDTH="214"
                    HEIGHT="76">
            <Shape><Polygon POINTS="842 955 794 955 747 960 699 964 651 964 656 1017 656 1026 861 1021 865 1002 851 950 842 955"/></Shape>
	    <String CONTENT="Veniſe, de"
                    HPOS="651"
                    VPOS="950"
                    WIDTH="214"
                    HEIGHT="76"></String>
          </TextLine>

          
          
          <TextLine ID="eSc_line_9ea13156"
                    TAGREFS="LT834"
                    BASELINE="652 1063 864 1056" 
                    HPOS="637"
                    VPOS="983"
                    WIDTH="224"
                    HEIGHT="95">
            <Shape><Polygon POINTS="651 1059 637 993 846 983 861 1055 858 1077 655 1078"/></Shape>
	    <String CONTENT="Gennes, &amp;"
                    HPOS="637"
                    VPOS="983"
                    WIDTH="224"
                    HEIGHT="95"></String>
          </TextLine>

          
          
          <TextLine ID="line_6"
                    TAGREFS="LT834"
                    BASELINE="632 1112 832 1108" 
                    HPOS="628"
                    VPOS="1051"
                    WIDTH="199"
                    HEIGHT="92">
            <Shape><Polygon POINTS="628 1107 656 1058 823 1051 827 1107 823 1143 646 1126"/></Shape>
	    <String CONTENT="d&#39;Ormes."
                    HPOS="628"
                    VPOS="1051"
                    WIDTH="199"
                    HEIGHT="92"></String>
          </TextLine>

          
        </TextBlock>
        
        <TextBlock HPOS="629"
                   VPOS="3141"
                   WIDTH="275"
                   HEIGHT="173"
                   ID="eSc_textblock_fc81bb6f"
                   TAGREFS="BT2375">
          <Shape><Polygon POINTS="659 3141 904 3141 855 3314 629 3301"/></Shape>
          
          
          <TextLine ID="eSc_line_4b300d27"
                    TAGREFS="LT834"
                    BASELINE="672 3197 875 3187" 
                    HPOS="670"
                    VPOS="3136"
                    WIDTH="219"
                    HEIGHT="81">
            <Shape><Polygon POINTS="670 3194 676 3141 889 3136 860 3199 841 3205 677 3217"/></Shape>
	    <String CONTENT="Avantages"
                    HPOS="670"
                    VPOS="3136"
                    WIDTH="219"
                    HEIGHT="81"></String>
          </TextLine>

          
          
          <TextLine ID="eSc_line_ecafd90f"
                    TAGREFS="LT834"
                    BASELINE="665 3245 864 3245" 
                    HPOS="661"
                    VPOS="3201"
                    WIDTH="209"
                    HEIGHT="57">
            <Shape><Polygon POINTS="661 3241 669 3201 870 3202 868 3245 856 3258 670 3254"/></Shape>
	    <String CONTENT="des guerres"
                    HPOS="661"
                    VPOS="3201"
                    WIDTH="209"
                    HEIGHT="57"></String>
          </TextLine>

          
          
          <TextLine ID="line_39"
                    TAGREFS="LT834"
                    BASELINE="656 3298 692 3296 803 3292" 
                    HPOS="647"
                    VPOS="3227"
                    WIDTH="152"
                    HEIGHT="109">
            <Shape><Polygon POINTS="742 3246 694 3246 670 3227 647 3227 651 3294 651 3336 794 3327 799 3289 785 3246 742 3248"/></Shape>
	    <String CONTENT="de Mer."
                    HPOS="647"
                    VPOS="3227"
                    WIDTH="152"
                    HEIGHT="109"></String>
          </TextLine>

          
        </TextBlock>
        
        <TextBlock HPOS="649"
                   VPOS="4033"
                   WIDTH="269"
                   HEIGHT="307"
                   ID="eSc_textblock_32f13e0d"
                   TAGREFS="BT2375">
          <Shape><Polygon POINTS="656 4033 878 4036 918 4337 649 4340"/></Shape>
          
          
          <TextLine ID="line_40"
                    TAGREFS="LT834"
                    BASELINE="671 4096 840 4096" 
                    HPOS="642"
                    VPOS="4026"
                    WIDTH="195"
                    HEIGHT="90">
            <Shape><Polygon POINTS="742 4035 694 4035 647 4026 647 4083 642 4111 827 4116 837 4092 832 4035 789 4035"/></Shape>
	    <String CONTENT="C&#39;eſt une"
                    HPOS="642"
                    VPOS="4026"
                    WIDTH="195"
                    HEIGHT="90"></String>
          </TextLine>

          
          
          <TextLine ID="eSc_line_26613596"
                    TAGREFS="LT834"
                    BASELINE="669 4156 863 4152" 
                    HPOS="666"
                    VPOS="4097"
                    WIDTH="195"
                    HEIGHT="66">
            <Shape><Polygon POINTS="666 4154 676 4097 858 4104 861 4149 858 4163 683 4163"/></Shape>
	    <String CONTENT="marque de"
                    HPOS="666"
                    VPOS="4097"
                    WIDTH="195"
                    HEIGHT="66"></String>
          </TextLine>

          
          
          <TextLine ID="line_53"
                    TAGREFS="LT834"
                    BASELINE="675 4197 864 4201" 
                    HPOS="666"
                    VPOS="4149"
                    WIDTH="195"
                    HEIGHT="67">
            <Shape><Polygon POINTS="766 4154 718 4154 670 4154 670 4192 666 4216 856 4216 861 4197 851 4149 813 4154"/></Shape>
	    <String CONTENT="generoſité"
                    HPOS="666"
                    VPOS="4149"
                    WIDTH="195"
                    HEIGHT="67"></String>
          </TextLine>

          
          
          <TextLine ID="eSc_line_793e8582"
                    TAGREFS="LT834"
                    BASELINE="667 4258 902 4257" 
                    HPOS="666"
                    VPOS="4197"
                    WIDTH="233"
                    HEIGHT="85">
            <Shape><Polygon POINTS="761 4197 713 4197 666 4197 666 4254 684 4267 887 4282 899 4254 899 4197 856 4197 808 4197"/></Shape>
	    <String CONTENT="de s&#39;engager"
                    HPOS="666"
                    VPOS="4197"
                    WIDTH="233"
                    HEIGHT="85"></String>
          </TextLine>

          
          
          <TextLine ID="line_55"
                    TAGREFS="LT834"
                    BASELINE="651 4316 835 4314" 
                    HPOS="647"
                    VPOS="4249"
                    WIDTH="185"
                    HEIGHT="79">
            <Shape><Polygon POINTS="742 4276 696 4277 689 4249 647 4249 647 4311 649 4328 832 4328 832 4311 832 4258 789 4276"/></Shape>
	    <String CONTENT="ſur Mer."
                    HPOS="647"
                    VPOS="4249"
                    WIDTH="185"
                    HEIGHT="79"></String>
          </TextLine>

          
        </TextBlock>
        
        <TextBlock HPOS="662"
                   VPOS="4752"
                   WIDTH="256"
                   HEIGHT="319"
                   ID="eSc_textblock_aedcdd28"
                   TAGREFS="BT2375">
          <Shape><Polygon POINTS="898 5051 662 5071 662 4759 918 4752"/></Shape>
          
          
          <TextLine ID="eSc_line_a9b1f885"
                    TAGREFS="LT834"
                    BASELINE="683 4830 895 4827" 
                    HPOS="675"
                    VPOS="4753"
                    WIDTH="219"
                    HEIGHT="100">
            <Shape><Polygon POINTS="818 4753 770 4758 723 4758 675 4758 680 4829 680 4853 889 4853 894 4824 884 4753 876 4762"/></Shape>
	    <String CONTENT="Marchands,"
                    HPOS="675"
                    VPOS="4753"
                    WIDTH="219"
                    HEIGHT="100"></String>
          </TextLine>

          
          
          <TextLine ID="eSc_line_91468c15"
                    TAGREFS="LT834"
                    BASELINE="669 4886 864 4879" 
                    HPOS="666"
                    VPOS="4826"
                    WIDTH="195"
                    HEIGHT="73">
            <Shape><Polygon POINTS="666 4881 674 4826 851 4843 861 4876 857 4889 668 4899"/></Shape>
	    <String CONTENT="perſonnes"
                    HPOS="666"
                    VPOS="4826"
                    WIDTH="195"
                    HEIGHT="73"></String>
          </TextLine>

          
          
          <TextLine ID="eSc_line_6fbba125"
                    TAGREFS="LT834"
                    BASELINE="665 4938 895 4935" 
                    HPOS="661"
                    VPOS="4867"
                    WIDTH="233"
                    HEIGHT="85">
            <Shape><Polygon POINTS="804 4881 756 4881 708 4881 699 4867 661 4867 661 4933 661 4952 894 4948 894 4933 889 4871 871 4882 851 4881"/></Shape>
	    <String CONTENT="fort conſide-"
                    HPOS="661"
                    VPOS="4867"
                    WIDTH="233"
                    HEIGHT="85"></String>
          </TextLine>

          
          
          <TextLine ID="eSc_line_dbe9b06d"
                    TAGREFS="LT834"
                    BASELINE="672 4986 891 4981" 
                    HPOS="666"
                    VPOS="4938"
                    WIDTH="223"
                    HEIGHT="81">
            <Shape><Polygon POINTS="808 4938 761 4938 713 4938 666 4938 670 4981 670 5019 884 4995 889 4976 880 4938 867 4942"/></Shape>
	    <String CONTENT="rables dans"
                    HPOS="666"
                    VPOS="4938"
                    WIDTH="223"
                    HEIGHT="81"></String>
          </TextLine>

          
          
          <TextLine ID="eSc_line_8d45d053"
                    TAGREFS="LT834"
                    BASELINE="672 5049 850 5045" 
                    HPOS="670"
                    VPOS="4990"
                    WIDTH="176"
                    HEIGHT="80">
            <Shape><Polygon POINTS="670 5048 689 5006 789 4990 842 5012 846 5043 842 5070 673 5063"/></Shape>
	    <String CONTENT="un Eſtat."
                    HPOS="670"
                    VPOS="4990"
                    WIDTH="176"
                    HEIGHT="80"></String>
          </TextLine>

          
        </TextBlock>
        
        <TextBlock HPOS="3089"
                   VPOS="5073"
                   WIDTH="208"
                   HEIGHT="66"
                   ID="eSc_textblock_b300a554"
                   TAGREFS="BT2377">
          <Shape><Polygon POINTS="3297 5139 3297 5073 3089 5077 3089 5139"/></Shape>
          
          
          <TextLine ID="line_69"
                    TAGREFS="LT834"
                    BASELINE="3116 5119 3263 5128" 
                    HPOS="3111"
                    VPOS="5052"
                    WIDTH="152"
                    HEIGHT="148">
            <Shape><Polygon POINTS="3116 5119 3116 5052 3259 5052 3263 5128 3259 5171 3111 5200"/></Shape>
	    <String CONTENT="avec"
                    HPOS="3111"
                    VPOS="5052"
                    WIDTH="152"
                    HEIGHT="148"></String>
          </TextLine>

          
        </TextBlock>
        

        
      </PrintSpace>
    </Page>
  </Layout>
</alto>
