3591 5632
2497.0 553.0 192.0 141.0 Pag. 1

1642.0 5021.0 52.0 169.0 A

840.0 1239.0 1394.0 136.0 L'AMBASSADE

1361.0 1375.0 352.0 108.0 DE LA

582.0 1478.0 1910.0 169.0 COMPAGNIE ORIENTALE

1408.0 1609.0 258.0 141.0 DES

361.0 1741.0 2319.0 211.0 PROVINCES UNIES.

1276.0 1914.0 512.0 146.0 VERS LE

502.0 2036.0 2060.0 202.0 GRAND CHAM

1445.0 2201.0 174.0 126.0 DE

399.0 2309.0 2281.0 300.0 TARTARIE,

1436.0 2567.0 174.0 112.0 OU

643.0 2651.0 1727.0 221.0 EMPEREUR

352.0 2834.0 2328.0 305.0 DE LA CHINE,

1103.0 3097.0 854.0 127.0 FAITE PAR LES

342.0 3186.0 2352.0 188.0 Sʳˢ. PIERRE DE GOYER, & JACOB DE KEYSER,

384.0 3346.0 2268.0 131.0 Partis de Batavie le 14. de Juillet de l'an 1665. par ordre de Monſieur

469.0 3435.0 2098.0 141.0 Ie General JEAN MAATZUIKER, & du tres-Noble Conſeil

652.0 3534.0 1727.0 131.0 des Indes, & retournez au dit lieu le 31. Mars 1657.

2506.0 5050.0 164.0 103.0 dans

915.0 3815.0 1192.0 160.0 CHAPITRE PREMIER.

427.0 3975.0 2159.0 141.0 Quelle curioſité apporterent les Anciens en la connoiſſance de la Marine,

1131.0 4073.0 765.0 122.0 & des Terres étrangeres.

370.0 4222.0 618.0 673.0 I

1004.0 4195.0 1671.0 122.0 L n'y a rien de ſi agreable en la nature que de voir: rien de

995.0 4280.0 1680.0 112.0 ſi éclatant que de ſçavoir beaucoup; rien de ſi abſolu que

999.0 4355.0 1676.0 113.0 de pouvoir tout; mais rien de plus lâche que de s’attacher à

981.0 4435.0 1699.0 98.0 ſa cabane comme le poiſſon à ſa coquille. Je ſçais que quel¬

1009.0 4505.0 1666.0 108.0 ques-vns loüent hautement Lycurge, lors que par une ri¬

1004.0 4576.0 1666.0 126.0 goureuſe Loy il defendit aux Laconiens de viſiter les Pro¬

1004.0 4655.0 1662.0 108.0 Vinces étrangeres, de peur qu’ils n’en rapportaſſent quel¬

999.0 4716.0 1657.0 122.0 ques mauvaiſes teintures ou impreſſions, capables de noir¬

999.0 4796.0 1667.0 113.0 cir, ou d’eclipſer les belles mœurs qui reluiſoient comme

333.0 4871.0 2342.0 113.0 des Aſtres dans ſa Republique: juſques à la méme qu’un jeune Seigneur fut tres-mal

328.0 4946.0 2352.0 160.0 traité pour avoir pris connaiſſance du chemin de Pylée, ville d'Arcadie, plongée

2849.0 2980.0 657.0 342.0 Galinée

2689.0 4500.0 200.0 92.0 Les Laco¬

2689.0 4591.0 157.0 69.0 niens ne

2675.0 4631.0 236.0 72.0 peuvent vi¬

2680.0 4690.0 225.0 55.0 ſiter les Pro¬

2666.0 4726.0 239.0 73.0 vinces étran

2666.0 4773.0 113.0 91.0 geres.
