3568 5696
1392 441 1235 161 PRIVILEGE

1173 631 1729 199 DU ROY.

893 944 228 304 L

1116 911 2114 133 OUIS PAR LA GRAGE DE DIEU ROY DE FRANCE,

1125 1001 2096 142 ET DE NAVARRE : A nos amez & feaux Conſeillers les Gens te¬

1140 1082 2076 137 nans nos Cours de Parlement de Paris, Requeſtes de noſtre palais, Baillifs,

1140 1167 2100 124 Senechaux, & Prevoſts du dit lieu, leurs Lieutenans, & à tous autres nos

859 1234 2376 152 Juges qu’il appartiendra, Salut. Noſtre bien aimé JACOB DE MEURS Mar¬

845 1300 2390 147 chand Libraire & Graveur de la Ville d’Amſterdam, nous a fait remonſtrer qu'il

850 1371 2394 152 avoit recouver avec beaucoup de ſoins, de travaux, & de fraiz un Livre intitulé

855 1466 2389 138 L’Ambaſſade de la compagnie Orientale des Provinces Vnies, qui contient la De¬

859 1537 2385 148 ſcription des Villes, Bourgs, & Villages, Ports de Mer, & autres lieux plus conſide¬

855 1609 2389 142 rables de la CHINE, enrichie d’un recit de tout ce qui s’y trouve, & des moyens

859 1685 2390 137 d'y traffiquer, lequel Livre l’Expoſant l’auroit fait traduire de Flamend en Latin &

864 1765 2385 138 en François pour l'Uſage de noſtre Royaume, & deſiroit le faire imprimer, s’il nous

864 1841 2385 143 plaiſoit luy accorder nos Lettres à ce neceſſaires humblement requerant icelles.

869 1903 2380 147 A CES CAUSES nous avons permis & permettons par ces preſentes au dit DE

864 1988 2390 138 MEURS d’imprimer, ou faire imprimer, vendre & debiter, tant de fois en telle

864 2060 2395 142 Langue, & tels Volumes qu’il deſirera, par tout Noſtre Royaume le dit Livre Intitu¬

864 2136 2395 137 lé L'Ambaſſade de la Compagnie Orientale des Provinces Vnies, & ſans qu’autre que

864 2211 2395 143 le dit Expoſant, ou ceux qui auront droit & pouvoir de luy, le puiſſent faire impri¬

864 2283 2395 142 mer, vendre, ou diſtribuer pendant le temps de vingt années, à compter du jour

869 2363 2394 133 & datte de l’impreſſion, qui en ſera faite, & ce ſur peine de confiſcation des Exem¬

869 2435 2394 147 plaires, qui auroient eſte mis en vente au prejudice des preſentes, & de dix mil livres

864 2510 2399 129 d'amande, moitié à Nous, & l’autre au dit Suppliant, Voulons, & nous plaiſt qu’en

864 2586 2404 143 mettant un Extraict des preſentes au commencement ou à la fin de chacun des Ex¬

869 2662 2394 129 emplaires, elles ſoient tenuës pour ſignifiées, & venuës à la connoiſſance de tous.

878 2734 2390 142 A la charge de mettre trois Exemplaires du dit Livre, ſçavoir deux en noſtre Bibliothe¬

869 2810 2399 147 que, & un en celle de noſtre tres-cher & feal le SIEUR SEGUIER, Chevalier, Chancelier

869 2885 2409 133 de France, & peine de nullité des preſentes. SI VOUS MANDONS, & à chacun de

874 2957 2404 142 vous enjoignons, que de noſtre preſent Privilege, & du contenu en iceluy vous ſouf¬

883 3037 2395 143 friez, & faſſiez joüir & uſer plainement & paiſiblement le dit Expoſant, ou tous ceux

883 3118 2399 133 qui auront droit de luy, ceſſant & faiſant ceſſer tous troubles & empeſchemens au

878 3189 2404 133 contraire; Et au premier noſtre Huiſſier, ou Sergent ſur ce requis, de faire pour

878 3265 2400 138 I'execution des preſentes tous exploits requis, & neceſſaires, ſans demander placet,

883 3341 2399 128 viſa, ny pareatis que les dites preſentes; Nonobſtant clameur de Haro, Charte Nor¬

878 3417 2404 138 mande, priſe à partie, & Lettres à ce contraires. CAR TEL EST NOSTRE

883 3493 2399 138 PLAISIR, nonobſtant auſſi oppoſitions ou appellations quelconques, pour leſquel¬

883 3560 2399 151 les & ſans prejudice d'icelles ne voulons eſtre differé. DONNÉ à Paris le  *** jour

888 3631 2394 147 de * * * * l'an de Grace mil ſix cens ſoixante cinq, & de noſtre Regne le vingt-

893 3749 375 143 deuziéme.

1330 3726 978 118 Signé par le Roy en ſon Conſeil,

2180 3745 732 261 FOUCAULT.

1202 4101 954 114 Les Exemplaires ont eſté fournis.

1026 4295 1553 185 Achevé d'imprimer pour la premiere fois le 15. de May 1665.
