3571 5642
823 550 1496 127 VERS L’EMPEREUR DE LA CHINE.

2663 578 61 113 5

399 658 2329 113 tes les commoditez qu’un ſoldat peut eſperer. Voila ſommairement ce que les An¬

399 738 1045 103 ciens ont contribué à la Geographie.

1049 874 1016 113 CHAPITRE II.

668 996 1764 151 Quelle fut la puißance & l’addreße des Anciens ſur Mer.

404 1142 80 212 B

489 1161 2225 113 ien que je ne doute aucunement que les anciens peuples qui ont habité les Coſtes

498 1236 2221 113 maritimes & Iſles de l’Ocean, n’ayent auſſi-toſt apporté de l’ordre & de la police

385 1321 2339 98 en leurs navigations, que ceux qui demeuroient proche des rivages, & des Iſles de

390 1386 2334 118 la Mer Mediterranée; ne ſachant toutes-fois aucun Autheur duquel nous puiſſions

381 1462 2343 113 apprendre l’ordre qui eſtoit établi en ces Coſtes Occidentales, & qui eſtoient les

381 1542 2343 108 plus puiſſans & les plus redoutables, nous ſommes contraints de nous contenter de

376 1612 2348 104 ce qu’il ſe trouve couché par les Grecs ſur ce ſujet, touchant les coſtes de la Mer

381 1683 423 103 Mediterranée.

442 1753 2268 113 Nous ne ſçavons perſonne qui avant Semiramis ſe ſoit rendue conſiderable ſur

376 1838 2338 99 Mer, ſelon le rapport de Diodore, & de Suidas, qui nous aſſeurent que cette Prin¬

376 1894 2343 118 ceſſe voulant conquerir l’Inde, fit baſtir à Bactres trois mille Navires, en fagot, c’eſt

366 1969 2353 118 à dire qui ſe pouvoient demonter, pour les tranſporter par terre ſur des chameaux,

366 2049 2348 109 ſur le fleuve Indus, & que pour les conduire elle fit lever des gens de Mer en Syrie,

376 2120 2348 113 Phœnicie, Egypte, Cypre, Cilicie, & autres Païs juſques en l’Heleſpont. Cette

376 2200 2348 99 Reine donna Bataille ſur le fleuve Indus, & defit l’Armée navalle du Roy Stabro¬

371 2266 2357 113 bates, & y enfonca mille Navires Indiens l’an 1963. avant la naiſſance de noſtre

357 2332 311 122 Seigneur.

432 2374 2278 164 Entre les Grecs le plus ancien que nous ayons pû trouver, dut Thucydide au l.

366 2496 2353 108 eſt Minos, fils de Jupiter Roy de Candie, & d’Europe fille d’Agenor Roy de Tyr.

366 2571 2353 104 Ce Prince (l’étonnement & l’admiration de toute la terre pour ſa beauté, le modele

371 2647 2357 98 des grands Capitaines pour ſes proüeſſes, & le flambeau des Politiques pour ſes

366 2708 2358 113 belles Loix, & Vertus moralles) devint ſi puiſſant en peu d’années, qu'il ſe rendit

366 2792 2358 104 Maiſtre de la Mer Grecque, & dés iſles Cyclades (qui tiennent le milieu de l’Archi¬

366 2872 2358 108 pel) où il envoya des Colonies, y eſtablit pour Princes ſes enfans, fit la guerre aux

357 2947 2362 99 Corſaires, afin que ſes revenus puſſent arriver ſans danger en Crete, où il établit ſa

357 3023 2362 103 demeure. Il rangea à ſa devotion les Atheniens, & toutes les Coſtes des Mers voiſi¬

371 3093 2353 108 nes furent la matiere & le prix de ſes victoires, & y donna des Loix qui furent en

357 3164 2362 117 tres-grande veneration à la poſterité juſques au temps de Cæcilius Metellus, qui

362 3244 2357 103 triompha de Crete, au rapport d’Eutrope en ſon livre 6. Ce Minos au dire d’Euſebe

362 3309 2362 109 en ſa Chronique regna envtiron l’an 1403. avant l’Incarnation de N. S. comme auſſi

371 3375 2348 113 Triptolemus Marchand de bled, lequel en ayant tranſporté par les Villes maritimes

348 3455 2366 118 dans une Galere qui avoit ſon eſperon fait en teſte de Serpent, le gouvernail reſ¬

352 3530 2367 123 ſemblant à la queuë, & les avirons aux nageoires, bailla occaſions à la fable des

352 3610 429 109 Serpens aiſlez.

437 3681 2268 117 Je ne veux pas toutes-fois ſoûtenir, que ceux de Crete ayent tout ce temps là eſté

352 3751 2348 104 Maiſtres de ces Mers. Car l’on remarque qu’environ cent ans aprés la mort de Mi¬

348 3836 2352 99 nos, Teucer eſtant ſorti de Crete pour venir en la petite Aſie, ſon fils Dardanus,

357 3897 2353 113 ayant judicieuſement reconmu qu’il n’euſt ſceu trouver lieu plus propre à fortifier,

357 3977 2362 108 pour ſe rendre Maiſtre de la Mer, que le détroit de l’Helleſpont, baſtit au pied du

362 4052 2357 108 Mont Ida ſur le bord de la Mer, en un lieu où l’Aſie n'eſt éloignée de l’Europe que

352 4132 2362 99 de 1500. pas,une ville à laquelle il donna ſon nom, & de laquelle ce détroit eſt en¬

352 4207 2362 104 cor nommé Dardanelles, où ſont les anciennes villes de Seitos & d’Abydos, pres

357 4278 2376 103 deſquelles Xerxes Roy des perſes fit paſſer ſon armée ſur un pont fait de bateaux,

357 4363 1623 98 & de navires enchaiſnez, pour aller conqueſter la Grece.

418 4424 2282 113 De ces Dardaniens ſortirent ceux qui peu aprés fonderent le Royaume de

352 4490 2348 145 Troye, qui dura preſque 200. ans juſques à ce que Paris ayant abordé à Sparte avec

348 4546 2352 136 ſa Flotte, & enlevé Helene femme de Menelaus ſon hoſte, ſur cauſe de cette guer¬

352 4649 2362 109 re ſi fameuſe que luy declara Agamemnon, lequel avant aſſemblé une puiſſante

357 4720 2353 118 Flotte aſſiegea Troye & par Mer & par Terre, & au bout de dix ans la prit & la raſa.

357 4795 2353 113 Homere conte en cette Flotte iuſques à 1186. Navires; Dares 1140. Dion 1200. le

362 4875 2348 141 Scoliaſte d’Euripide 1170. mais Virgile pour faire un conte rond n’en rapporte que

371 4955 711 179 1000. au 7. l. de l'Eneide.

2728 1777 170 67 Puiſſsance

2724 1826 192 79 navale de

2724 1871 216 89 Semiramis.

2733 2453 221 73 Minos Mai¬

2732 2501 180 83 ſtre de la

2719 2546 115 96 Mer.

2724 3711 181 87 Dardanus

2719 3779 199 61 fortifie les

2724 3833 206 63 Dardanel¬

2719 3876 56 82 les.

2710 4440 242 70 Troyes aßie¬

2705 4490 247 82 gée par Mer

2714 4540 242 74 & par Ter¬

2705 4584 61 94 re.

1674 5049 139 136 A 3

2573 5030 137 151 Du
