3584 5696
1300 284 1244 157 EPISTRE.

640 427 2568 156 étonnantes, que l'Envie méme eſt contrainte de confeſſer,

636 536 2577 147 qu'ils meritent le Bronze & le Marbre, & qu’il n'eſt pas

645 683 2568 114 croyable que le temps, qui adjouſte ordinairement quelque

645 768 2573 143 choſes aux plus Belles Vies, puiſſe adjouſte quelque Eſtat à la

655 878 2558 147 Voſtre. Et aprés tout, que ne peut point un grand Cœur ap¬

640 992 2568 166 puyé du plus Puiſſant, & du plus Auguſte des Monarques ?

640 1105 2587 157 Que ne peut pas un Heros, qui fait les acclamations, & les

631 1238 1258 129 ſouhaits de tous les Peuples?

759 1314 2464 166 En attendant, MONGEIGNEUR, que des vœux

640 1457 2587 133 ſi raiſonnables puiſſent reüſſir, j’en ferai continuellement

655 1575 2572 148 pour voſtre grandeur, & aprés avoir demandé au Ciel, qu’il

650 1675 2582 147 luy plaiſe conſerver en voſtre perſonne un des plus rares or¬

645 1789 2587 147 nemens de noſtre ſiecle, j’oſeray vous demander l'honneur

640 1898 2592 147 de voſtre protection pour cét Ouvrage, & celuy de voſtre

640 2031 2602 147 bien-veillance pour ſon Auteur, qui eſt avec toute ſorte de

645 2131 551 161 ſoûmiſfion,

1115 2572 1215 166 MONSEIGNEUR,

1490 2985 1249 190 Voſtre tres-humble & tres-obeiſſant

1670 3080 409 242 Serviteur,

1965 3336 982 200 JACOB DE MEURS.
