3275 4322
713 432 1268 137 DES FEUILLES. I. Mém.

2089 457 115 119 13

461 558 1754 155 ve ordinairement que les Surfaces s’obſtruent plus

461 659 1747 140 tard que le Pédicule. Je dis ordinairement, par¬

461 756 1754 155 ce que j’ai rapporté ci-deſſus des exceptions à

461 868 454 122 cette Règle.

558 940 1657 136 L'OBSERVATION que je viens de décrire,

461 1037 1758 133 me donne lieu de remarquer, que les Feuilles qui

464 1120 1755 154 pompent l’Eau par leur Pédicule, ne périſſent pas

461 1217 1758 137 de la même manière que celles qui ont une de

461 1325 1761 126 leurs Surfaces continuellement humectée. Dans

461 1401 1758 136 celles-là, le Pédicule ſe corrompt & les Surfaces

464 1494 1758 137 ſe deſsèchent. Dans celles-ci, le Pédicule ſe

464 1584 1758 144 deſsèche, & les Surfaces ſe corrompent. C’eſt

468 1678 1751 137 ce qui arrive ſur-tout dans les Feuilles des Ar¬

468 1772 1751 133 bres, toujours moins ſpongieuſes que celles des

468 1865 1762 126 Herbes. Aſſez ſouvent le Pédicule noircit en ſe

468 1977 400 122 deſſéchant.

569 2045 1653 152 JE ne dis rien des Feuilles qui demeurent pri¬

464 2164 1762 101 vées de nourriture (III. ): on voit bien qu’elles

468 2240 1762 122 doivent ſe deſſécher. Je n’ai pas cru cependant

461 2330 1769 129 devoir prendre ce deſſéchement pour terme de la

468 2431 1758 111 vie des Feuilles des Herbes, laiſſées ſans nourri¬

464 2510 1755 133 ture. Leur tiſſu lâche & ſpongieux retient trop

464 2607 1762 119 longtems les ſucs dont il eſt imbibé. Il m’a donc

464 2701 1762 137 paru plus convenable de mettre ces Feuilles au

461 2791 1765 147 rang des Feuilles paſſées ( IV. ), dés qu’elles ont

468 2884 1708 155 perdu leur couleur & leur conſiſtence naturelles.

554 2978 1672 126 IL ſuit de ces Remarques, que lorſque j'ai dit

461 3072 1761 126 ci-deſſus (IV.), qu’on devoit principalement ob¬

461 3165 1761 202 ſerver de ne prendre pour terme dans chaque

1560 3259 151 169 B 3

2064 3277 162 140 Ex¬
