3235 4353
1067 446 87 130 18

1274 409 1354 175 RECHERCHES SUR L'USAGE

1042 580 1800 152 des Réſultats ſi contraires à ceux que j'ai donné

1042 692 893 109 dans l'Article précedent.

1150 776 1685 130 VIIl. LE tiſſu, liſſe, délicat & uniforme des

1042 870 1800 138 Feuilles des Fleurs, indique aſſez qu’elles n’ont

1045 972 1801 134 pas préciſément les mêmes fonctions que celles

1042 1066 1804 131 des autres Feuilles de la Plante (II. ). J'ai vou¬

1038 1164 1804 134 Iu cependant m’aſſurer par une Expérience, s’il

1038 1255 1801 134 n’y avoit point entre les Surfaces de ces premiè¬

1042 1353 1797 127 res Feuilles, des différences ſemblables à celles

1042 1447 1808 130 que nous avons obſervées entre les Surfaces des

1042 1538 726 112 dernères (V, VI.).

1140 1625 1706 127 DANS cette vuë, j'ai poſé ſur des Vaſes pleins

1045 1723 1801 119 d'Eau (III, IV.), des Pétales (*) de cette grande

1042 1821 1793 134 Eſpèce de Renoncule, qui porte le nom de Pi¬

1049 1922 1797 109 voine. Les unes ont été miſes en Expérience par

1052 2013 1783 109 leur Surface ſupérieure, ou par celle qui regar¬

1045 2103 1797 127 doit l'intérieur de la Fleur; les autres l'ont été par

1042 2201 1804 124 la Surface oppoſée. D'autres Pétales ont été

1052 2310 1787 113 plongées dans l’Eau par leur extrémité inférieure.

1045 2394 1699 108 D'autres enfin ont été laiſſées ſans nourriture.

1143 2481 1703 116 LE quatrième jour, les Pétales privées de

1045 2575 1797 109 nourriture étoient entièrement fannées. Le neu¬

1056 2669 1783 120 vième, les Pétales qui étoient humectées dans leur

1049 2764 1786 116 Surface ſupérieure, ainſi que celles qui l'étoient

1049 2858 1793 116 dans leur Surface inférieure, avoient paſſé. Le

1056 2952 1783 124 quatorzième, il en fut de même des Pétales

1052 3050 1787 134 qui pompoient l’Eau par leur extrémité inférieure.

1092 3261 1565 152 (*) Les Botaniſtes donnent ce nom aux Feuilles des Fleurs.

2679 3155 152 108 IX.
