3275 4322
727 432 1312 122 DES FEUILLES. I, Mém.

2208 468 61 93 3

493 569 1776 140 pleine de petites aſpérités, ou garnies de Poils

489 662 1773 130 courts; ſes Nervûres * ont du relief, & ſa cou¬

497 767 1765 119 leur toujours plus pâle que celle de la Surface ſu¬

500 849 1434 134 périeure n’a que peu ou point de luſtre.

590 932 1676 126 CES différences aſſés frappantes ont ſans dou¬

493 1033 1776 112 te une Fin. L’Expérience (*) démontre que la

489 1127 1777 115 Roſée s’élève de la Terre. La Surface inférieu¬

489 1217 1780 130 re des Feuilles, auroit-elle été principalement

489 1314 1773 123 deſtinée à pomper cette vapeur, & à la trans¬

493 1401 1773 129 mettre dans l’intérieur de la Plante ? La poſition

489 1501 1777 112 des Feuilles relativement à la Terre, & le tis¬

493 1591 1773 119 ſu de leur Surface inférieure, ſemblent l’indiquer.

580 1685 1682 126 EN me faiſant part de cette ingénieuſe conje¬

482 1779 1787 129 cture, Mr. CALANDRINI voulut bien me

489 1869 1777 122 charger du ſoin de la vérifier, & d’approfondir ce

500 1988 1769 100 ſujet; des occupations plus importantes ne lui en

489 2063 714 108 laiſſant pas le loiſir.

583 2146 1679 141 POUR répondre à cette invitation, je propo¬

482 2240 1784 126 ſai à Mr. CALANDRINI une Expérience qui

482 2337 1784 119 me vint alors dans l’Eſprit, & qui lui parut pro¬

497 2441 980 119 pre à décider la Queſtion.

590 2521 1679 115 ELLE conſiſtoit à poſer ſur la ſuperficie de

489 2611 1777 119 l’Eau contenuë dans des Vaſes, pluſieurs Feuilles

489 2708 1777 126 d’une même eſpèce, de façon, que les unes fuſſent

489 2798 1769 137 humectées dans leur Surface ſupérieure, les au¬

489 2906 1081 112 tres dans la Surface oppoſée.

587 2985 1671 144 C’EST de cette Expérience que je ſuis par¬

2165 3086 93 141 ti.

562 3180 1361 162 (*) Mémoires de l'Académie Royale des Sciences, 1736.

2291 666 166 108 * Fig. I.

2341 759 65 109 n,n.

1545 3291 180 130 A 2
