3235 4353
1067 417 94 181 14

1281 399 1347 188 RECHERCHES SUR L'USAGE

1052 584 1787 137 Expérience, qu'un même genre & un même

1052 707 1783 127 dégré d’altération, cela doit s’appliquer principa¬

1052 798 1790 123 lement aux Feuilles qui pompent l’Eau par une de

1052 892 1794 109 leurs Surfaces. Il arrive cependant quelquefois

1052 983 1794 130 que les Feuilles d’une même Eſpèce, celles qui

1052 1077 1794 123 ſont humectées dans leur Surface ſupérieure, ſe

1052 1175 1798 109 deſsèchent, tandis que celles qui le ſont dans la

1052 1265 1794 109 Surface oppoſée, ſe corrompent. Alors on eſt

1052 1360 1798 120 forcé de renoncer à l’unité de terme; & c’eſt ici

1056 1458 1790 119 un Fait très remarquable, mais ſur lequel je n’in¬

1052 1552 890 116 ſiſterai pas actuellement.

1161 1621 1685 145 VI. LES Expériences que j’ai tentées ſur les

1056 1737 1786 142 Feuilles des Arbres & des Arbriſſeaux, embras¬

1052 1835 701 163 ſent ſeize Eſpèces;

1056 1969 516 124 1. Le Lilac,

1056 2078 570 113 2. Le Poirier,

1060 2169 555 116 3. La Vigne,

1049 2267 671 123 4. Le Tremble,

1052 2354 828 119 5. Le Laurier Ceriſe,

1056 2448 588 109 6. Le Ceriſier,

1071 2539 559 119 7. Le Prunier,

1052 2622 875 131 8. Le Maronnier d' lnde,

1056 2735 795 108 9. Le Meurier blanc,

1964 1991 606 112 10. Le Tilieul,

1960 2078 665 123 11. Le Peuplier,

1964 2169 668 119 12. L’Abricotier,

1960 2263 581 109 13. Le Noyer,

1989 2354 832 134 14. Le Coudrier ou Noi¬

2153 2452 294 112 ſettier,

1989 2535 538 131 15. Le Chêne,

1989 2626 842 127 16. La Vigne de Canada,

1158 2840 1692 134 DE toutes ces Eſpèces le Lilac & le Tremble

1052 2952 1794 127 ſont les ſeules où la Surface ſupérieure des Feuil¬

1052 3050 1787 116 les ait paru égaler l’inférieure en aptitude à pom¬

1060 3148 544 138 per l’humidité.

1158 3224 1688 222 DANS toutes les autres Eſpèces, la Surface

2719 3348 123 138 in¬
