3317 4342
858 434 1053 166 PRE'FACE.

2187 423 97 130 v

488 629 1778 156 de cet Ouvage, à l'exception de celle qui repré¬

481 727 1789 170 ſente les diſſérens Arrangemens des Feuilles. Ses

496 839 1774 152 Deſſeins, quoique parfaits en leur genre, auroient

488 940 1778 156 acquis un nouvel éclat, s’il avoit eu en vuë d’y

485 1045 1785 156 faire admirer les Merveilles de ſon Crayon. Mais

488 1147 1782 159 il a penſé comme moi, qu’il ſuffiſoit qu’ils ſatisſis¬

488 1251 1786 167 ſent au but de chaque Expérience, & il a eu

488 1367 1786 152 l'eſpèce de courage d’éviter une élégance pittoresque

496 1476 887 155 plus diſpendieuſe qu’utile.

590 1675 1694 141 LA Planche qui repréſente les cinq Ordres de

499 1783 1789 149 Diſtributions qu’on obſerve dans les Feuilles, eſt de la

496 1892 1785 141 main de Mr. CALANDRINI (†), auquel je

499 1997 1782 155 dois encore les remarques & les vuës qui ont ſervi

499 2102 1785 155 de Baſe à mon travail. Je le prie d’agréer qu’en

496 2225 1785 141 lui en témoignant ici ma juſte reconnoiſſance, je

499 2308 1782 170 me pare auprès du Public, de l’amitié dont il m’ho¬

503 2464 192 97 nore.

593 2634 1688 137 Mr. WANDELAER dont le ſavant Burin

499 2731 1775 152 fait l'admiration des Connoiſſeurs dans les magnifi¬

506 2840 1760 145 ques Tables Anatomiques de Mr. ALBINUS,

2219 2945 55 134 a

568 3068 1713 130 (†) Ci-devant Profeſſeur de Mathématiques & de Philoſophie à

506 3162 1775 184 Genève; aujourd'hui Conseiller d'Etat, & Tréſorier Général de cette

503 3250 293 77 République.

1531 3267 152 163 * 3
