3275 4322
684 461 1315 129 DES FEUILLES. I. Mém.

2140 475 90 122 9

461 565 1769 176 tie, le Bouillon blanc, & l'Amarante à feuilles

461 713 371 111 pourpres.

558 767 1657 133 DES Feuilles d’Ortie que je tenois humectées

468 871 1751 126 dans leur Surface inférieure, ont paſſé au bout de

471 965 1744 137 3 ſemaines, pendant que de ſemblables Feuilles,

461 1058 1754 130 que je tenois humectées dans leur Surface ſupé¬

461 1152 1369 126 rieure, ont vécu environ 2 mois.

554 1235 1658 137 DES Feuilles de Bouiſſon blanc, qui pom¬

468 1336 1744 140 poient l’Eau par leur Surface inférieure, n’ont vé¬

468 1429 1754 123 cu que 5 à 6 jours, au-lieu que de ſemblables

468 1519 1754 141 Feuilles, qui pompoient l’Eau par leur Surface ſu¬

471 1613 1370 141 périeure, ont vécu plus de 5 ſemaines.

565 1699 1661 134 DES Feuilles de l’Amarante à feuilles pour¬

468 1804 1758 140 pres, qui étoient poſées ſur l’Eau par leur Sur¬

468 1894 1758 122 face ſupérieure, ont vécu environ 3 mois, tandis

468 1984 1762 126 que de ſemblables Feuilles appliquées ſur l’Eau par

468 2088 1765 123 la Surface inférieure, ont paſſé en moins d’une

468 2182 349 119 ſemaine.

558 2269 1679 118 DANS les Feuilles de la Belle de Nuit, &

468 2362 1758 119 dans celles de la Meliſſe, la Surface inférieure a pa¬

471 2459 1557 112 ru avoir quelque avantage ſur la ſupérieure.

562 2553 1675 115 LES Feuilles du Pied de Veau, & de la Crê¬

468 2632 1765 130 te de Coq, qui ont pompé l’Eau par leur Pédicu¬

468 2733 1765 130 le, ſe ſont conſervées plus longtems que celles

471 2827 1762 119 qui ont été appliquées ſur l'Eau par l'une ou l’au¬

475 2924 782 115 tre de leurs Surfaces.

562 3000 1675 133 LES Feuilles de la grande Maulve, de l'Or¬

471 3104 1766 123 tie, du Soleil, de la Belle de Nuit, de l’Epinard,

475 3205 1773 144 dont le Pédicule a été plongé dans l’Eau, ont

1567 3295 61 122 B

2010 3291 230 162 moins
