3275 4322
698 406 1301 173 DES FEUILLES. I. Mém.

2147 443 111 140 11

482 554 1762 155 ment à la groſſeur de leurs Nervûres. J'avois

482 662 1758 144 mis de très grandes Feuilles de cette Eſpèce

482 763 1766 141 ſur des Cloches de verre pleines d’Eau. Trois

486 853 1762 144 jours après je trouvai ces Feuilles en ſi mauvais

482 947 1766 129 état que je les jugeai près de paſſer : elles a¬

486 1033 1762 133 voient perdu toute leur conſiſtence : elles é¬

482 1127 1769 147 toient couchées ſur l’ouverture des Vaſes, com¬

482 1220 1769 137 me lauroit été un Linge mouillé, & leur cou¬

486 1314 1704 130 leur n’avoit rien conſervé de ſon premier luſtre.

583 1404 1668 137 QUELLE fut donc ma ſurpriſe le jour ſui¬

489 1498 1755 129 vant, lorſque je vis toutes ces Feuilles relevées,

486 1602 1765 115 fermes, & dun beau verd, telles, en un mot,

493 1692 1755 123 que celles qu’on vient de détacher de la Plante ?

590 1782 1665 141 JE réiterai auſſitôt l’Expérience ſur des Feuil¬

482 1869 1769 133 les de moyenne grandeur; & ce fut avec le mê¬

489 1980 400 116 me ſuccès.

590 2045 1668 155 JE n'obſervai, à cet égard, aucune différence

486 2153 1772 137 entre les Feuilles qui avoient été poſées ſur l’Eau

489 2254 1769 141 par leur Surface inférieure, & celles qui l’avoient

486 2351 1056 123 été par la Surface ſupérieure.

583 2423 1675 148 IL n’en fut pas de même des Feuilles qui a¬

489 2528 1766 122 voient pompé l’Eau par l'extrémité de leur Pédi¬

489 2614 1766 137 cule : elles ſe fannèrent au bout de quelques

489 2726 1272 122 jours, & peu après elles jaunirent.

590 2794 1665 134 L'EXPLICATION de ce Fait n'eſt pas dif¬

489 2906 1766 112 ficile. Les orifices des Vaiſſeaux ſéveux ſont plus

497 3000 1758 129 grands dans le Pédicule qu’ils ne le ſont dans l'u¬

493 3090 1762 122 ne ou l’autre Surface. L'Eau doit donc s'inſi¬

493 3187 1765 166 nuër plus facilement & plus abondamment dans

1578 3277 162 144 B 2

2086 3273 169 134 l'in¬
