<?xml version="1.0" encoding="UTF-8"?>
<alto xmlns:xsi="http://www.w3.org/2001/XMLSchema-instance"
      xmlns="http://www.loc.gov/standards/alto/ns-v4#"
      xsi:schemaLocation="http://www.loc.gov/standards/alto/ns-v4# http://www.loc.gov/standards/alto/v4/alto-4-2.xsd">
  <Description>
    <MeasurementUnit>pixel</MeasurementUnit>
    <sourceImageInformation>
      <fileName>bpt6k15204009_f26.tif</fileName>
      
    </sourceImageInformation>
  </Description>
  
  <Tags>
    <OtherTag ID="BT3647" LABEL="QuireMarksZone" DESCRIPTION="block type QuireMarksZone"/><OtherTag ID="BT3646" LABEL="NumberingZone" DESCRIPTION="block type NumberingZone"/><OtherTag ID="BT3645" LABEL="MarginTextZone" DESCRIPTION="block type MarginTextZone"/><OtherTag ID="BT3644" LABEL="MainZone" DESCRIPTION="block type MainZone"/><OtherTag ID="BT3643" LABEL="GraphicZone" DESCRIPTION="block type GraphicZone"/><OtherTag ID="BT3642" LABEL="DropCapitalZone" DESCRIPTION="block type DropCapitalZone"/><OtherTag ID="BT3652" LABEL="TableZone" DESCRIPTION="block type TableZone"/><OtherTag ID="BT3651" LABEL="TitlePageZone" DESCRIPTION="block type TitlePageZone"/><OtherTag ID="BT3650" LABEL="StampZone" DESCRIPTION="block type StampZone"/><OtherTag ID="BT3649" LABEL="SealZone" DESCRIPTION="block type SealZone"/><OtherTag ID="BT3648" LABEL="RunningTitleZone" DESCRIPTION="block type RunningTitleZone"/>
    <OtherTag ID="LT1247" LABEL="HeadingLine" DESCRIPTION="line type HeadingLine"/><OtherTag ID="LT1246" LABEL="DropCapitalLine" DESCRIPTION="line type DropCapitalLine"/><OtherTag ID="LT1245" LABEL="DefaultLine" DESCRIPTION="line type DefaultLine"/>
  </Tags>
  
  <Layout>
    <Page WIDTH="3235"
          HEIGHT="4341"
          PHYSICAL_IMG_NR="12"
          ID="eSc_dummypage_">
      <PrintSpace HPOS="0"
                  VPOS="0"
                  WIDTH="3235"
                  HEIGHT="4341">
        
        <TextBlock HPOS="1017"
                   VPOS="403"
                   WIDTH="152"
                   HEIGHT="125"
                   ID="eSc_textblock_6aea0a28"
                   TAGREFS="BT3646">
          <Shape><Polygon POINTS="1017 403 1017 528 1169 528 1169 403"/></Shape>
          
          
          <TextLine ID="eSc_line_db473d14"
                    TAGREFS="LT1245"
                    BASELINE="1026 507 1162 522" 
                    HPOS="1016"
                    VPOS="408"
                    WIDTH="145"
                    HEIGHT="159">
            <Shape><Polygon POINTS="1016 557 1154 567 1161 520 1143 434 1100 408 1096 408 1092 408 1089 408 1085 408 1027 426 1024 506"/></Shape>
	    <String CONTENT="12"
                    HPOS="1016"
                    VPOS="408"
                    WIDTH="145"
                    HEIGHT="159"></String>
          </TextLine>

          
        </TextBlock>
        
        <TextBlock HPOS="1195"
                   VPOS="396"
                   WIDTH="1479"
                   HEIGHT="139"
                   ID="eSc_textblock_9ba51dec"
                   TAGREFS="BT3648">
          <Shape><Polygon POINTS="1195 396 1195 535 2674 535 2674 396"/></Shape>
          
          
          <TextLine ID="eSc_line_425b6d01"
                    TAGREFS="LT1247"
                    BASELINE="1229 495 2634 513" 
                    HPOS="1223"
                    VPOS="376"
                    WIDTH="1407"
                    HEIGHT="181">
            <Shape><Polygon POINTS="1223 520 1479 520 1487 528 1498 542 1501 542 1501 546 1505 546 1508 546 1512 549 1664 549 1664 546 1668 546 1671 546 1689 531 1700 524 1740 531 1863 549 1867 549 1939 535 1968 528 2019 535 2102 546 2106 546 2221 539 2319 531 2333 539 2355 553 2359 553 2362 553 2366 553 2370 553 2395 542 2406 535 2409 542 2424 553 2424 557 2428 557 2431 557 2435 557 2627 542 2630 510 2630 416 2066 379 2062 379 1968 397 1950 401 1946 397 1925 379 1921 379 1917 379 1914 379 1834 394 1802 401 1783 394 1744 376 1740 376 1736 376 1733 376 1700 394 1689 397 1226 383 1226 491"/></Shape>
	    <String CONTENT="RECHERCHES SUR L&#39;USAGE"
                    HPOS="1223"
                    VPOS="376"
                    WIDTH="1407"
                    HEIGHT="181"></String>
          </TextLine>

          
        </TextBlock>
        
        <TextBlock HPOS="964"
                   VPOS="548"
                   WIDTH="1881"
                   HEIGHT="2753"
                   ID="eSc_textblock_04fcb1c3"
                   TAGREFS="BT3644">
          <Shape><Polygon POINTS="964 548 964 3301 2845 3301 2845 548"/></Shape>
          
          
          <TextLine ID="eSc_line_890b7ad3"
                    TAGREFS="LT1245"
                    BASELINE="1031 640 2826 665" 
                    HPOS="1027"
                    VPOS="539"
                    WIDTH="1799"
                    HEIGHT="155">
            <Shape><Polygon POINTS="1027 672 2818 694 2826 665 2826 586 2511 582 2504 578 2478 557 2475 557 2471 557 2467 557 2326 571 2297 575 2290 571 2250 553 2247 553 2243 553 2001 564 1874 571 1823 560 1747 546 1744 546 1660 557 1595 567 1577 557 1570 549 1566 549 1563 549 1559 549 1527 557 1490 564 1479 553 1469 546 1469 542 1465 542 1461 542 1458 542 1407 553 1353 564 1313 549 1280 539 1277 539 1207 567 1031 542 1031 640"/></Shape>
	    <String CONTENT="l&#39;intérieur de la Feuille, par la première de ces"
                    HPOS="1027"
                    VPOS="539"
                    WIDTH="1799"
                    HEIGHT="155"></String>
          </TextLine>

          
          
          <TextLine ID="eSc_line_167494ff"
                    TAGREFS="LT1245"
                    BASELINE="1038 734 2815 759" 
                    HPOS="1034"
                    VPOS="643"
                    WIDTH="1781"
                    HEIGHT="145">
            <Shape><Polygon POINTS="2504 662 2500 662 2395 687 2388 687 2381 687 2315 662 2312 662 2308 662 2305 662 2301 662 2265 683 2214 658 2210 658 2207 658 2069 683 2055 683 2048 683 1975 654 1972 654 1968 654 1867 672 1791 651 1787 651 1783 651 1780 651 1715 672 1657 651 1653 651 1650 651 1646 651 1566 672 1501 654 1498 654 1494 654 1490 654 1487 654 1465 672 1461 672 1233 672 1233 669 1204 647 1204 643 1201 643 1197 643 1194 643 1038 665 1038 734 1034 759 2808 788 2815 759 2811 694 2623 694 2612 690 2507 662 2504 662"/></Shape>
	    <String CONTENT="voies que par la ſeconde. De-là vient que"
                    HPOS="1034"
                    VPOS="643"
                    WIDTH="1781"
                    HEIGHT="145"></String>
          </TextLine>

          
          
          <TextLine ID="eSc_line_542c5d58"
                    TAGREFS="LT1245"
                    BASELINE="1031 828 1972 828 2815 853" 
                    HPOS="1027"
                    VPOS="737"
                    WIDTH="1788"
                    HEIGHT="145">
            <Shape><Polygon POINTS="2732 759 2695 759 2659 759 2623 759 2590 759 2569 763 2547 766 2529 763 2496 756 2478 756 2442 756 2417 756 2409 759 2402 763 2370 759 2337 756 2333 756 2297 752 2261 752 2225 752 2189 752 2167 752 2156 756 2149 759 2145 756 2138 752 2116 752 2084 752 2073 756 2066 756 2055 756 2019 748 2008 748 1972 748 1935 748 1899 748 1863 748 1827 748 1791 745 1755 745 1718 745 1682 745 1646 745 1610 745 1574 745 1537 741 1501 741 1465 741 1429 741 1393 741 1356 741 1320 741 1284 737 1248 737 1212 737 1176 737 1139 737 1103 737 1067 737 1031 737 1031 828 1027 846 2808 882 2815 853 2815 770 2739 759 2732 759"/></Shape>
	    <String CONTENT="les Feuilles dont le Pédicule eſt plongé dans l’Eau,"
                    HPOS="1027"
                    VPOS="737"
                    WIDTH="1788"
                    HEIGHT="145"></String>
          </TextLine>

          
          
          <TextLine ID="eSc_line_6c8754df"
                    TAGREFS="LT1245"
                    BASELINE="1031 922 1982 922 2818 944" 
                    HPOS="1027"
                    VPOS="846"
                    WIDTH="1791"
                    HEIGHT="116">
            <Shape><Polygon POINTS="1031 922 1027 944 2811 962 2818 944 2818 868 1031 846 1031 922"/></Shape>
	    <String CONTENT="ne ſe fannent point pendant les premiers jours."
                    HPOS="1027"
                    VPOS="846"
                    WIDTH="1791"
                    HEIGHT="116"></String>
          </TextLine>

          
          
          <TextLine ID="eSc_line_1d0ee28d"
                    TAGREFS="LT1245"
                    BASELINE="1031 1016 1943 1016 2822 1038" 
                    HPOS="1027"
                    VPOS="926"
                    WIDTH="1795"
                    HEIGHT="148">
            <Shape><Polygon POINTS="2768 944 2732 944 2706 962 2692 962 2547 962 2547 958 2525 940 2525 936 2514 936 2384 955 2362 936 2362 933 2359 933 2355 933 2352 933 2221 955 2084 929 2080 929 1972 951 1830 926 1827 926 1588 940 1566 926 1537 926 1534 926 1447 944 1375 926 1356 926 1342 926 1306 944 1280 926 1248 926 1233 926 1201 936 1114 926 1103 926 1067 926 1042 926 1031 936 1031 1016 1027 1038 1252 1034 1320 1045 1404 1056 1407 1056 1411 1056 1414 1056 1414 1052 1425 1045 1432 1038 1599 1038 1646 1045 1729 1059 1733 1059 1736 1059 1769 1045 1780 1041 1791 1045 1830 1059 1834 1059 1838 1059 1841 1059 1870 1045 1878 1041 1914 1045 2040 1063 2044 1063 2181 1045 2200 1045 2203 1045 2243 1067 2247 1067 2250 1067 2485 1049 2507 1067 2507 1070 2511 1070 2514 1070 2518 1074 2786 1074 2786 1070 2789 1070 2793 1070 2818 1049 2822 1038 2822 962 2775 944 2768 944"/></Shape>
	    <String CONTENT="Mais lorſque les Vaiſſeaux compris dans la partie"
                    HPOS="1027"
                    VPOS="926"
                    WIDTH="1795"
                    HEIGHT="148"></String>
          </TextLine>

          
          
          <TextLine ID="eSc_line_2126465d"
                    TAGREFS="LT1245"
                    BASELINE="1031 1106 2822 1132" 
                    HPOS="1027"
                    VPOS="1020"
                    WIDTH="1795"
                    HEIGHT="148">
            <Shape><Polygon POINTS="1418 1020 1414 1020 1411 1020 1367 1034 1353 1038 1338 1034 1299 1020 1284 1020 1248 1020 1230 1020 1031 1030 1031 1106 1027 1125 1284 1150 1288 1150 1650 1143 1794 1139 2815 1168 2822 1132 2818 1041 2333 1052 2308 1038 2301 1030 2297 1030 2294 1030 2196 1030 2192 1030 2142 1038 2062 1049 2044 1038 2030 1027 2026 1027 2022 1027 2019 1027 1925 1038 1830 1045 1780 1034 1722 1023 1718 1023 1537 1034 1469 1038 1458 1034 1422 1020 1418 1020"/></Shape>
	    <String CONTENT="du Pédicule qui demeure humectée, ont achevé"
                    HPOS="1027"
                    VPOS="1020"
                    WIDTH="1795"
                    HEIGHT="148"></String>
          </TextLine>

          
          
          <TextLine ID="eSc_line_06d3ed03"
                    TAGREFS="LT1245"
                    BASELINE="1031 1197 2822 1226" 
                    HPOS="1027"
                    VPOS="1110"
                    WIDTH="1795"
                    HEIGHT="138">
            <Shape><Polygon POINTS="2294 1125 2290 1125 2254 1143 2243 1146 2077 1146 2033 1139 1896 1121 1863 1121 1830 1121 1689 1135 1664 1135 1660 1135 1635 1117 1610 1117 1599 1117 1523 1132 1505 1135 1501 1132 1476 1114 1465 1114 1429 1114 1425 1114 1288 1128 1259 1132 1252 1128 1208 1110 1183 1110 1150 1128 1147 1128 1031 1128 1031 1197 1027 1219 2815 1248 2822 1226 2822 1150 2406 1150 2384 1143 2297 1125 2294 1125"/></Shape>
	    <String CONTENT="de ſe remplir, ils s’obſtruent, ou s’engorgent, &amp;"
                    HPOS="1027"
                    VPOS="1110"
                    WIDTH="1795"
                    HEIGHT="138"></String>
          </TextLine>

          
          
          <TextLine ID="eSc_line_e598cb11"
                    TAGREFS="LT1245"
                    BASELINE="1031 1298 2815 1313" 
                    HPOS="1027"
                    VPOS="1211"
                    WIDTH="1788"
                    HEIGHT="149">
            <Shape><Polygon POINTS="2768 1226 2750 1226 2728 1237 2623 1226 2623 1226 2587 1222 2551 1222 2536 1222 2522 1237 2518 1240 2370 1240 2124 1237 2113 1229 2098 1215 2095 1215 2091 1215 2087 1215 2084 1215 2037 1226 2011 1233 1979 1226 1935 1215 1935 1215 1910 1211 1881 1226 1867 1233 1516 1233 1465 1219 1443 1211 1440 1211 1031 1211 1031 1298 1027 1324 1291 1324 1299 1327 1324 1345 1328 1345 1331 1345 1335 1349 1335 1345 1338 1345 1342 1345 1364 1327 1375 1324 1472 1324 1704 1324 1718 1334 1729 1345 1733 1345 1736 1345 1740 1345 1794 1338 1856 1327 1885 1338 1917 1352 1921 1352 1925 1352 2156 1345 2359 1338 2381 1349 2395 1356 2399 1356 2402 1360 2811 1360 2815 1313 2815 1237 2793 1226 2768 1226"/></Shape>
	    <String CONTENT="la Feuille ne recevant plus de nouveaux ſucs, ſe"
                    HPOS="1027"
                    VPOS="1211"
                    WIDTH="1788"
                    HEIGHT="149"></String>
          </TextLine>

          
          
          <TextLine ID="eSc_line_9fb3c7d2"
                    TAGREFS="LT1245"
                    BASELINE="1034 1389 1816 1396" 
                    HPOS="1031"
                    VPOS="1302"
                    WIDTH="785"
                    HEIGHT="112">
            <Shape><Polygon POINTS="1722 1305 1686 1305 1650 1305 1613 1305 1577 1305 1566 1305 1552 1316 1548 1320 1530 1316 1443 1302 1432 1302 1404 1302 1367 1313 1353 1316 1034 1309 1034 1389 1031 1414 1812 1414 1816 1396 1812 1324 1733 1305 1722 1305"/></Shape>
	    <String CONTENT="fanne ou ſe deſsèche."
                    HPOS="1031"
                    VPOS="1302"
                    WIDTH="785"
                    HEIGHT="112"></String>
          </TextLine>

          
          
          <TextLine ID="eSc_line_87623d8e"
                    TAGREFS="LT1245"
                    BASELINE="1139 1483 2815 1501" 
                    HPOS="1136"
                    VPOS="1396"
                    WIDTH="1679"
                    HEIGHT="134">
            <Shape><Polygon POINTS="1139 1483 1136 1512 2808 1530 2815 1501 2811 1418 1139 1396 1139 1483"/></Shape>
	    <String CONTENT="TOUT ſe paſſe différemment dans les Feuil¬"
                    HPOS="1136"
                    VPOS="1396"
                    WIDTH="1679"
                    HEIGHT="134"></String>
          </TextLine>

          
          
          <TextLine ID="eSc_line_8abca9f5"
                    TAGREFS="LT1245"
                    BASELINE="1024 1577 2815 1595" 
                    HPOS="1020"
                    VPOS="1486"
                    WIDTH="1795"
                    HEIGHT="145">
            <Shape><Polygon POINTS="2634 1501 2525 1519 2504 1522 2496 1519 2457 1497 2453 1497 2449 1497 2225 1515 2163 1519 2149 1515 2098 1494 2095 1494 2091 1494 1964 1512 1925 1515 1874 1508 1736 1490 1733 1490 1729 1490 1689 1508 1675 1512 1660 1504 1621 1490 1617 1490 1613 1490 1610 1490 1581 1504 1566 1512 1552 1504 1523 1490 1519 1490 1516 1490 1512 1490 1465 1504 1429 1512 1317 1512 1302 1501 1284 1486 1280 1486 1277 1486 1273 1486 1197 1497 1132 1508 1024 1497 1024 1577 1020 1613 2384 1613 2391 1613 2453 1631 2457 1631 2460 1631 2811 1613 2815 1595 2811 1526 2637 1501 2634 1501"/></Shape>
	    <String CONTENT="les qu’on poſe ſur l’Eau par l’une ou l’autre Sur¬"
                    HPOS="1020"
                    VPOS="1486"
                    WIDTH="1795"
                    HEIGHT="145"></String>
          </TextLine>

          
          
          <TextLine ID="eSc_line_39d2ef1a"
                    TAGREFS="LT1245"
                    BASELINE="1024 1674 2815 1689" 
                    HPOS="1020"
                    VPOS="1580"
                    WIDTH="1795"
                    HEIGHT="134">
            <Shape><Polygon POINTS="2616 1595 2608 1595 2554 1613 2518 1595 2507 1595 2496 1595 2478 1613 2475 1617 2381 1617 2373 1613 2341 1591 2326 1591 2312 1591 2283 1609 2210 1591 2181 1591 2167 1591 2069 1609 2062 1609 2026 1588 2022 1588 2019 1588 2015 1588 2011 1588 1932 1609 1921 1609 1914 1609 1830 1588 1820 1588 1783 1588 1762 1588 1566 1602 1487 1584 1458 1584 1451 1584 1407 1602 1342 1580 1338 1580 1335 1580 1331 1580 1277 1602 1277 1606 1114 1606 1114 1602 1092 1584 1092 1580 1089 1580 1085 1580 1081 1580 1078 1580 1024 1598 1024 1674 1020 1703 2808 1714 2815 1689 2811 1617 2663 1617 2659 1613 2637 1595 2616 1595"/></Shape>
	    <String CONTENT="face. La Tranſpiration fait d’abord perdre à ces"
                    HPOS="1020"
                    VPOS="1580"
                    WIDTH="1795"
                    HEIGHT="134"></String>
          </TextLine>

          
          
          <TextLine ID="eSc_line_e9ed30ba"
                    TAGREFS="LT1245"
                    BASELINE="1027 1765 2818 1779" 
                    HPOS="1024"
                    VPOS="1678"
                    WIDTH="1794"
                    HEIGHT="130">
            <Shape><Polygon POINTS="2478 1689 2457 1703 2449 1707 2239 1707 2236 1703 2214 1685 2185 1685 2174 1685 2087 1700 2062 1703 2033 1700 1961 1685 1932 1685 1899 1682 1852 1696 1838 1700 1823 1696 1765 1682 1751 1682 1715 1682 1679 1682 1657 1682 1642 1696 1635 1700 1584 1692 1447 1678 1425 1678 1396 1678 1360 1692 1346 1696 1320 1692 1259 1678 1244 1678 1219 1678 1176 1689 1147 1696 1128 1689 1103 1678 1100 1678 1071 1678 1027 1685 1027 1765 1024 1801 2811 1808 2818 1779 2818 1711 2525 1711 2522 1707 2504 1689 2478 1689"/></Shape>
	    <String CONTENT="Feuilles plus de ſucs qu’elles n’en recoivent par"
                    HPOS="1024"
                    VPOS="1678"
                    WIDTH="1794"
                    HEIGHT="130"></String>
          </TextLine>

          
          
          <TextLine ID="eSc_line_6bd3e224"
                    TAGREFS="LT1245"
                    BASELINE="1020 1859 2818 1877" 
                    HPOS="1016"
                    VPOS="1768"
                    WIDTH="1802"
                    HEIGHT="131">
            <Shape><Polygon POINTS="2446 1779 2442 1779 2438 1779 2435 1779 2409 1797 2388 1779 2384 1779 2381 1779 2377 1779 2373 1779 2370 1779 2348 1797 2239 1779 2236 1779 2156 1794 2106 1776 2102 1776 2098 1776 1892 1794 1849 1776 1845 1776 1841 1776 1838 1776 1834 1776 1809 1794 1650 1772 1646 1772 1396 1794 1385 1794 1378 1794 1226 1768 1223 1768 1045 1790 1020 1852 1020 1859 1016 1877 2811 1899 2818 1877 2815 1805 2717 1805 2710 1801 2677 1783 2674 1783 2670 1783 2666 1783 2569 1801 2547 1805 2529 1801 2449 1779 2446 1779"/></Shape>
	    <String CONTENT="les Pores très fins de la Surface humectée. Les"
                    HPOS="1016"
                    VPOS="1768"
                    WIDTH="1802"
                    HEIGHT="131"></String>
          </TextLine>

          
          
          <TextLine ID="eSc_line_bfb803eb"
                    TAGREFS="LT1245"
                    BASELINE="1020 1953 2808 1971" 
                    HPOS="1016"
                    VPOS="1866"
                    WIDTH="1792"
                    HEIGHT="130">
            <Shape><Polygon POINTS="2721 1877 2684 1877 2652 1877 2500 1888 2457 1891 2449 1888 2431 1873 2431 1873 2395 1873 2377 1873 2257 1884 2229 1888 2221 1884 2207 1873 2178 1873 2163 1884 2160 1888 2149 1884 2116 1873 2106 1873 2077 1870 2066 1884 2062 1884 2055 1884 1990 1870 1961 1870 1957 1870 1925 1881 1914 1884 1903 1881 1870 1870 1852 1870 1838 1870 1802 1881 1780 1884 1755 1877 1707 1866 1704 1866 1700 1866 1020 1866 1020 1953 1016 1967 1110 1989 1114 1989 1277 1975 1407 1993 1411 1996 2804 1996 2808 1971 2804 1895 2724 1877 2721 1877"/></Shape>
	    <String CONTENT="Vaiſſeaux moins remplis ſe relâchent &amp; ſe rident."
                    HPOS="1016"
                    VPOS="1866"
                    WIDTH="1792"
                    HEIGHT="130"></String>
          </TextLine>

          
          
          <TextLine ID="eSc_line_c22e9038"
                    TAGREFS="LT1245"
                    BASELINE="1024 2043 2811 2061" 
                    HPOS="1020"
                    VPOS="1957"
                    WIDTH="1791"
                    HEIGHT="130">
            <Shape><Polygon POINTS="2688 1971 2652 1971 2648 1971 2583 1989 2576 1989 2554 1971 2543 1971 2525 1971 2500 1989 2496 1989 2467 1967 2435 1967 2406 1986 2348 1967 2326 1967 2312 1967 2221 1986 2207 1986 2189 1982 2113 1967 2109 1967 2073 1964 2037 1964 2001 1964 1964 1964 1928 1964 1892 1964 1885 1964 1859 1978 1852 1982 1505 1982 1501 1975 1483 1960 1458 1960 1454 1960 1400 1975 1382 1978 1378 1975 1356 1957 1349 1957 1320 1957 1262 1971 1248 1975 1024 1971 1024 2043 1020 2058 1154 2080 1157 2080 1559 2069 1715 2065 2804 2087 2811 2061 2808 1993 2688 1971 2688 1971"/></Shape>
	    <String CONTENT="Leurs Membranes ne réfléchiſſent plus la lumière"
                    HPOS="1020"
                    VPOS="1957"
                    WIDTH="1791"
                    HEIGHT="130"></String>
          </TextLine>

          
          
          <TextLine ID="eSc_line_6d72f4b9"
                    TAGREFS="LT1245"
                    BASELINE="1020 2141 2815 2156" 
                    HPOS="1016"
                    VPOS="2047"
                    WIDTH="1799"
                    HEIGHT="148">
            <Shape><Polygon POINTS="2684 2061 2663 2061 2641 2080 2612 2061 2612 2061 2580 2061 2500 2080 2493 2080 2485 2080 2409 2058 2406 2058 2402 2058 2399 2058 2395 2058 2370 2080 2366 2080 2348 2080 2218 2058 2214 2058 2178 2058 2163 2058 2030 2076 2015 2076 2008 2076 1932 2054 1925 2054 1899 2054 1859 2072 1820 2054 1816 2054 1780 2054 1660 2072 1650 2072 1646 2072 1599 2051 1595 2051 1592 2051 1487 2072 1472 2072 1465 2072 1414 2051 1385 2051 1349 2069 1273 2047 1270 2047 1266 2047 1262 2047 1208 2069 1204 2069 1020 2069 1020 2141 1016 2181 1288 2184 1291 2184 1313 2181 1393 2163 1577 2181 1682 2188 1686 2188 1689 2188 1711 2177 1740 2166 1888 2166 1903 2177 1921 2192 1925 2192 1928 2192 1932 2195 2033 2195 2033 2192 2037 2192 2040 2192 2058 2177 2069 2170 2113 2177 2200 2188 2203 2188 2283 2174 2315 2170 2348 2174 2453 2195 2457 2195 2460 2195 2507 2174 2511 2174 2811 2174 2815 2156 2811 2083 2699 2061 2684 2061"/></Shape>
	    <String CONTENT="avec la même vivacité. Bientôt la Feuille eſt ſans"
                    HPOS="1016"
                    VPOS="2047"
                    WIDTH="1799"
                    HEIGHT="148"></String>
          </TextLine>

          
          
          <TextLine ID="eSc_line_47c9f19a"
                    TAGREFS="LT1245"
                    BASELINE="1020 2239 2808 2250" 
                    HPOS="1016"
                    VPOS="2145"
                    WIDTH="1792"
                    HEIGHT="141">
            <Shape><Polygon POINTS="2576 2156 2536 2170 2514 2156 2504 2156 2475 2156 2366 2174 2355 2174 2352 2174 2333 2156 2333 2152 2330 2152 2326 2152 2323 2152 2286 2152 2250 2152 2236 2152 2232 2152 2229 2152 2156 2170 2134 2152 2106 2152 2102 2152 2019 2170 2015 2174 1856 2174 1852 2170 1830 2148 1827 2148 1823 2148 1820 2148 1527 2166 1498 2148 1490 2148 1472 2145 1425 2166 1371 2145 1367 2145 1364 2145 1360 2145 1288 2166 1280 2170 1208 2170 1204 2166 1186 2148 1186 2145 1183 2145 1179 2145 1176 2145 1172 2145 1168 2145 1136 2166 1128 2166 1020 2166 1020 2239 1016 2260 1599 2260 1610 2268 1628 2282 1631 2282 1635 2282 1639 2282 1722 2268 1747 2264 1783 2268 1910 2282 1914 2282 1917 2282 1921 2282 1921 2279 1935 2268 1939 2264 2120 2264 2145 2268 2225 2286 2229 2286 2232 2286 2279 2268 2283 2268 2286 2268 2323 2286 2326 2286 2330 2286 2804 2268 2808 2250 2804 2177 2623 2177 2623 2174 2601 2156 2576 2156"/></Shape>
	    <String CONTENT="couleur &amp; ſans conſiſtence. Mais l’Eau s’inſinuant"
                    HPOS="1016"
                    VPOS="2145"
                    WIDTH="1792"
                    HEIGHT="141"></String>
          </TextLine>

          
          
          <TextLine ID="eSc_line_938cd968"
                    TAGREFS="LT1245"
                    BASELINE="1024 2329 2808 2344" 
                    HPOS="1020"
                    VPOS="2242"
                    WIDTH="1788"
                    HEIGHT="149">
            <Shape><Polygon POINTS="2305 2250 2301 2250 2297 2250 2283 2253 2239 2268 2203 2253 2189 2250 2185 2250 2181 2250 2134 2253 2026 2268 1979 2253 1957 2250 1954 2250 1950 2250 1946 2250 1943 2250 1935 2257 1914 2268 1834 2257 1765 2246 1762 2246 1613 2257 1498 2264 1479 2257 1451 2242 1447 2242 1443 2242 1440 2242 1436 2242 1414 2257 1404 2264 1230 2264 1226 2257 1212 2246 1212 2242 1208 2242 1204 2242 1201 2242 1024 2257 1024 2329 1020 2369 1910 2358 2001 2358 2008 2369 2022 2380 2022 2383 2026 2383 2030 2383 2033 2383 2232 2365 2301 2362 2312 2365 2355 2387 2359 2387 2362 2391 2496 2391 2496 2387 2500 2387 2504 2387 2529 2365 2532 2365 2536 2365 2706 2387 2710 2387 2713 2387 2804 2362 2808 2344 2800 2253 2692 2271 2587 2253 2580 2253 2576 2253 2572 2253 2569 2253 2569 2257 2551 2275 2391 2275 2326 2253 2308 2250 2305 2250"/></Shape>
	    <String CONTENT="peu-à-peu dans les Pores de la Surface qui lui eſt"
                    HPOS="1020"
                    VPOS="2242"
                    WIDTH="1788"
                    HEIGHT="149"></String>
          </TextLine>

          
          
          <TextLine ID="eSc_line_7f262138"
                    TAGREFS="LT1245"
                    BASELINE="1024 2427 2804 2434" 
                    HPOS="1020"
                    VPOS="2340"
                    WIDTH="1784"
                    HEIGHT="137">
            <Shape><Polygon POINTS="2590 2344 2587 2344 2583 2344 2580 2344 2547 2362 2540 2369 2381 2369 2348 2362 2210 2344 2207 2344 2203 2344 2200 2344 2200 2347 2181 2362 2178 2369 2069 2369 2040 2362 1914 2340 1679 2340 1675 2340 1671 2340 1668 2340 1668 2344 1646 2362 1642 2362 1527 2340 1451 2340 1447 2340 1443 2340 1440 2340 1440 2344 1422 2362 1418 2365 1284 2365 1280 2362 1262 2344 1262 2340 1259 2340 1255 2340 1252 2340 1024 2358 1024 2427 1020 2445 1081 2470 1085 2470 1089 2470 1092 2470 1168 2449 1364 2470 1367 2470 1371 2470 1440 2449 1451 2449 1794 2449 1805 2456 1816 2467 1816 2470 1820 2470 1823 2470 1827 2470 1950 2459 2037 2452 2073 2463 2116 2474 2120 2474 2124 2474 2127 2474 2160 2463 2196 2452 2210 2463 2221 2474 2225 2474 2229 2474 2232 2477 2565 2477 2565 2474 2569 2474 2576 2470 2627 2452 2797 2474 2804 2434 2797 2365 2659 2365 2648 2362 2594 2344 2590 2344"/></Shape>
	    <String CONTENT="oppoſée, pénètre les Vaiſſeaux, &amp; les remplit en¬"
                    HPOS="1020"
                    VPOS="2340"
                    WIDTH="1784"
                    HEIGHT="137"></String>
          </TextLine>

          
          
          <TextLine ID="eSc_line_d4c833c2"
                    TAGREFS="LT1245"
                    BASELINE="1020 2514 2804 2528" 
                    HPOS="1016"
                    VPOS="2445"
                    WIDTH="1788"
                    HEIGHT="130">
            <Shape><Polygon POINTS="1020 2514 1016 2535 1259 2543 1284 2564 1288 2564 1291 2564 1295 2564 1299 2564 1302 2564 1331 2546 1425 2564 1429 2564 1613 2546 1635 2564 1635 2568 1639 2568 1642 2568 1646 2568 1650 2568 1697 2546 1787 2568 1791 2568 1794 2568 1968 2550 1997 2572 2001 2572 2004 2572 2008 2575 2218 2575 2218 2572 2221 2572 2225 2572 2247 2553 2250 2550 2265 2553 2373 2575 2377 2575 2800 2557 2804 2528 2800 2459 1020 2445 1020 2514"/></Shape>
	    <String CONTENT="fin entièrement. Alors la Feuille reprend ſon lu¬"
                    HPOS="1016"
                    VPOS="2445"
                    WIDTH="1788"
                    HEIGHT="130"></String>
          </TextLine>

          
          
          <TextLine ID="eSc_line_d5bce5e6"
                    TAGREFS="LT1245"
                    BASELINE="1020 2615 2200 2608" 
                    HPOS="1016"
                    VPOS="2521"
                    WIDTH="1184"
                    HEIGHT="141">
            <Shape><Polygon POINTS="1957 2525 1921 2525 1914 2521 1707 2543 1606 2521 1603 2521 1411 2546 1375 2525 1371 2525 1367 2525 1045 2525 1042 2525 1038 2525 1034 2525 1034 2528 1016 2543 1020 2615 1020 2644 1603 2662 1606 2662 1610 2662 1613 2662 1646 2640 1650 2640 1657 2640 1726 2658 1729 2658 1733 2662 2044 2662 2044 2658 2048 2658 2051 2658 2051 2655 2069 2640 2116 2658 2120 2658 2124 2658 2127 2658 2200 2637 2200 2608 2192 2546 2004 2546 1968 2525 1957 2525"/></Shape>
	    <String CONTENT="ftre &amp; ſa conſiſtence ordinaires."
                    HPOS="1016"
                    VPOS="2521"
                    WIDTH="1184"
                    HEIGHT="141"></String>
          </TextLine>

          
          
          <TextLine ID="eSc_line_6b5b512e"
                    TAGREFS="LT1245"
                    BASELINE="1121 2705 2804 2716" 
                    HPOS="1118"
                    VPOS="2619"
                    WIDTH="1686"
                    HEIGHT="133">
            <Shape><Polygon POINTS="1121 2705 1118 2723 1172 2745 1176 2745 1179 2745 1284 2727 1588 2745 1592 2745 1595 2745 1657 2727 1664 2723 1671 2727 1715 2749 1718 2749 1722 2752 1798 2752 1798 2749 1802 2749 1805 2749 1805 2745 1827 2727 1928 2749 1932 2752 2062 2752 2062 2749 2066 2749 2069 2749 2095 2731 2102 2727 2134 2731 2272 2745 2276 2745 2417 2734 2449 2731 2453 2734 2471 2749 2471 2752 2475 2752 2478 2752 2482 2752 2485 2752 2554 2734 2572 2731 2797 2734 2804 2716 2804 2648 2728 2626 2724 2626 2721 2626 2717 2626 2659 2644 2656 2644 2652 2644 2514 2626 2511 2626 2507 2626 2504 2626 2485 2644 2482 2648 2326 2648 2308 2640 2239 2622 2236 2622 2051 2622 2048 2622 2044 2622 2040 2622 2040 2626 2026 2637 2022 2644 1758 2644 1733 2633 1679 2619 1675 2619 1671 2619 1668 2619 1631 2633 1621 2637 1121 2629 1121 2705"/></Shape>
	    <String CONTENT="ON comprend que cette fraîcheur ne peut du¬"
                    HPOS="1118"
                    VPOS="2619"
                    WIDTH="1686"
                    HEIGHT="133"></String>
          </TextLine>

          
          
          <TextLine ID="eSc_line_08bbbdf3"
                    TAGREFS="LT1245"
                    BASELINE="1024 2799 2804 2810" 
                    HPOS="1020"
                    VPOS="2709"
                    WIDTH="1784"
                    HEIGHT="141">
            <Shape><Polygon POINTS="2598 2716 2594 2716 2543 2731 2504 2738 2478 2731 2442 2716 2438 2716 2435 2716 2431 2716 2428 2716 2413 2731 2402 2742 2315 2742 2297 2731 2279 2716 2276 2716 2272 2716 2254 2716 2247 2713 2109 2713 2106 2713 2102 2713 2051 2731 2030 2734 1972 2731 1816 2713 1812 2713 1809 2713 1765 2731 1751 2734 1736 2731 1697 2713 1693 2713 1689 2713 1686 2713 1682 2713 1682 2716 1668 2731 1660 2734 1635 2731 1574 2716 1570 2716 1360 2731 1309 2731 1302 2731 1255 2709 1252 2709 1248 2709 1244 2709 1204 2731 1201 2731 1024 2731 1024 2799 1020 2825 1208 2843 1212 2843 1215 2843 1252 2828 1266 2821 1508 2821 1523 2828 1545 2843 1548 2843 1552 2843 1555 2843 1653 2828 1668 2828 1675 2828 1729 2846 1733 2846 1736 2846 1740 2846 1802 2828 1823 2825 1863 2828 1979 2846 1982 2846 1986 2846 2037 2832 2058 2825 2087 2832 2163 2846 2167 2846 2171 2846 2174 2846 2200 2832 2210 2825 2279 2832 2446 2850 2449 2850 2532 2832 2558 2828 2565 2832 2594 2850 2598 2850 2601 2850 2605 2850 2800 2832 2804 2810 2800 2731 2601 2716 2598 2716"/></Shape>
	    <String CONTENT="rer qu’autant que les Pores abſorbans fourniſſent"
                    HPOS="1020"
                    VPOS="2709"
                    WIDTH="1784"
                    HEIGHT="141"></String>
          </TextLine>

          
          
          <TextLine ID="eSc_line_b85581bf"
                    TAGREFS="LT1245"
                    BASELINE="1020 2894 2804 2904" 
                    HPOS="1016"
                    VPOS="2821"
                    WIDTH="1788"
                    HEIGHT="116">
            <Shape><Polygon POINTS="1020 2894 1016 2926 2797 2937 2804 2904 2800 2836 1020 2821 1020 2894"/></Shape>
	    <String CONTENT="de nouveaux ſucs. Et comme ces Pores ſont ex¬"
                    HPOS="1016"
                    VPOS="2821"
                    WIDTH="1788"
                    HEIGHT="116"></String>
          </TextLine>

          
          
          <TextLine ID="eSc_line_1f58e372"
                    TAGREFS="LT1245"
                    BASELINE="1024 2988 2800 2998" 
                    HPOS="1020"
                    VPOS="2919"
                    WIDTH="1780"
                    HEIGHT="116">
            <Shape><Polygon POINTS="1024 2988 1020 3020 1610 3009 1650 3020 1682 3031 1686 3031 1689 3031 1693 3031 1711 3020 1729 3013 1740 3020 1762 3031 1765 3031 1769 3035 1906 3035 1906 3031 1910 3031 1914 3031 1914 3027 1925 3020 1932 3013 1975 3020 2058 3031 2062 3031 2160 3016 2203 3013 2210 3016 2232 3035 2236 3035 2239 3035 2243 3035 2341 3016 2355 3016 2388 3016 2713 3035 2717 3035 2721 3035 2797 3013 2800 2998 2797 2930 1024 2919 1024 2988"/></Shape>
	    <String CONTENT="trêmement nombreux, qu’ils ne ſauroient être"
                    HPOS="1020"
                    VPOS="2919"
                    WIDTH="1780"
                    HEIGHT="116"></String>
          </TextLine>

          
          
          <TextLine ID="eSc_line_5b5777b9"
                    TAGREFS="LT1245"
                    BASELINE="1016 3082 2800 3092" 
                    HPOS="1013"
                    VPOS="2991"
                    WIDTH="1787"
                    HEIGHT="145">
            <Shape><Polygon POINTS="2746 2998 2742 2998 2739 2998 2695 3020 2637 2998 2634 2998 2630 2998 2627 2998 2587 3016 2522 2998 2518 2998 2514 2998 2511 2998 2507 2998 2478 3020 2438 2998 2435 2998 2431 2998 2428 2998 2424 2998 2424 3002 2402 3020 2402 3024 2308 3024 2301 3020 2225 2998 2221 2998 2218 2998 2214 2998 2210 2998 2189 3013 2167 2995 2163 2995 2160 2995 2156 2995 1805 3016 1783 3016 1780 3016 1722 2995 1718 2995 1715 2995 1711 2995 1707 2995 1675 3016 1671 3016 1668 3016 1584 2991 1581 2991 1577 2991 1016 3009 1016 3082 1013 3100 1215 3121 1219 3121 1479 3107 1610 3129 1613 3129 2037 3111 2203 3132 2207 3136 2522 3136 2522 3132 2525 3132 2565 3114 2760 3132 2764 3132 2768 3132 2771 3132 2797 3111 2800 3092 2800 3024 2750 2998 2746 2998"/></Shape>
	    <String CONTENT="tous humectés à la fois, à cauſe des inégalités de"
                    HPOS="1013"
                    VPOS="2991"
                    WIDTH="1787"
                    HEIGHT="145"></String>
          </TextLine>

          
          
          <TextLine ID="eSc_line_e95c0926"
                    TAGREFS="LT1245"
                    BASELINE="1020 3176 2800 3183" 
                    HPOS="1016"
                    VPOS="3085"
                    WIDTH="1784"
                    HEIGHT="130">
            <Shape><Polygon POINTS="2532 3092 2529 3092 2525 3092 2525 3096 2511 3107 2507 3114 2106 3114 2011 3100 1935 3089 1925 3089 1888 3089 1852 3089 1827 3089 1751 3092 1527 3107 1479 3089 1469 3085 1465 3085 1461 3085 1458 3085 1454 3085 1451 3089 1429 3111 1353 3111 1273 3085 1270 3085 1266 3085 1262 3085 1259 3085 1197 3107 1128 3085 1125 3085 1121 3085 1118 3085 1114 3085 1081 3107 1031 3085 1020 3085 1020 3176 1016 3197 1906 3197 1917 3197 2022 3215 2026 3215 2797 3197 2800 3183 2797 3114 2536 3092 2532 3092"/></Shape>
	    <String CONTENT="la Feuille, &amp; que les Vaiſſeaux auxquels ils cor¬"
                    HPOS="1016"
                    VPOS="3085"
                    WIDTH="1784"
                    HEIGHT="130"></String>
          </TextLine>

          
          
          <TextLine ID="eSc_line_99067530"
                    TAGREFS="LT1245"
                    BASELINE="1020 3270 2800 3281" 
                    HPOS="1016"
                    VPOS="3179"
                    WIDTH="1784"
                    HEIGHT="206">
            <Shape><Polygon POINTS="2095 3183 1841 3201 1816 3201 1805 3201 1707 3183 1704 3183 1700 3183 1642 3201 1631 3201 1621 3201 1523 3179 1519 3179 1516 3179 1458 3197 1454 3197 1291 3179 1288 3179 1284 3179 1280 3179 1252 3197 1244 3197 1147 3179 1143 3179 1020 3194 1020 3270 1016 3382 1183 3385 1186 3385 1190 3385 1194 3385 1201 3378 1266 3335 1356 3331 1404 3357 1407 3357 1411 3357 1414 3357 1479 3338 1512 3360 1516 3360 1519 3360 1523 3360 1527 3360 1530 3360 1559 3338 1588 3367 1599 3378 1631 3378 1631 3385 1870 3378 1990 3357 2106 3335 2200 3349 2268 3360 2272 3360 2276 3360 2305 3346 2326 3338 2344 3346 2420 3378 2424 3378 2428 3378 2431 3378 2525 3346 2561 3367 2565 3367 2569 3367 2572 3367 2576 3367 2634 3338 2637 3335 2797 3331 2800 3281 2797 3208 2254 3187 2250 3187 2247 3187 2210 3205 2207 3205 2196 3205 2098 3183 2095 3183"/></Shape>
	    <String CONTENT="reſpondent, ſe ramifient prodigieuſement, il arri¬"
                    HPOS="1016"
                    VPOS="3179"
                    WIDTH="1784"
                    HEIGHT="206"></String>
          </TextLine>

          
        </TextBlock>
        
        <TextBlock HPOS="2667"
                   VPOS="3314"
                   WIDTH="159"
                   HEIGHT="106"
                   ID="eSc_textblock_34de218a"
                   TAGREFS="BT3647">
          <Shape><Polygon POINTS="2826 3420 2819 3314 2667 3321 2667 3420"/></Shape>
          
          
          <TextLine ID="eSc_line_b3e32851"
                    TAGREFS="LT1245"
                    BASELINE="2699 3367 2800 3375" 
                    HPOS="2692"
                    VPOS="3291"
                    WIDTH="108"
                    HEIGHT="174">
            <Shape><Polygon POINTS="2699 3367 2692 3465 2793 3458 2800 3375 2797 3291 2699 3295 2699 3367"/></Shape>
	    <String CONTENT="ve"
                    HPOS="2692"
                    VPOS="3291"
                    WIDTH="108"
                    HEIGHT="174"></String>
          </TextLine>

          
        </TextBlock>
        

        
      </PrintSpace>
    </Page>
  </Layout>
</alto>
