3235 4322
688.0 443.0 1293.0 140.0 DES FEUILLES. I. Mém.

2089.0 443.0 94.0 144.0 15

428.0 572.0 1765.0 148.0 inférieure l’a emporté ſenſiblement à cet égard

425.0 684.0 821.0 129.0 ſur la Surface oppoſée.

525.0 777.0 1668.0 109.0 CETTE différence entre les deux Surfaces

425.0 864.0 1761.0 133.0 des Feuilles a été très-frappante dans le Meurier

425.0 950.0 1761.0 130.0 blanc. Je n’ai pu voir ſans ſurpriſe que des Feuil¬

425.0 1055.0 1765.0 122.0 les de cet Arbre qui pompoient l’Eau par leur

425.0 1138.0 1765.0 118.0 Surface ſupérieure, ſe ſoient fannées dés le cin¬

428.0 1231.0 1765.0 130.0 quième jour; & que de ſemblables Feuilles qui

425.0 1332.0 1765.0 123.0 pompoient l’Eau par leur Surface inférieure, ſe

428.0 1429.0 1769.0 134.0 ſoient conſervées très vertes pendant prés de 6.

425.0 1530.0 219.0 101.0 mois.

518.0 1599.0 1679.0 137.0 La Vigne, le Peuplier, & le Noyer, m’ont

421.0 1717.0 1776.0 109.0 encore fourni des exemples remarquables du peu

421.0 1793.0 1765.0 119.0 de diſpoſition qu’a la Surface ſupérieure des Feuil¬

425.0 1880.0 1765.0 118.0 les des Plantes Ligneuſes à tirer l’humidité. J'ai

425.0 1977.0 1768.0 119.0 obſervé que les Feuilles de ces trois Eſpèces, qui

421.0 2074.0 1776.0 126.0 ont été appliquées ſur l’Eau par leur Surface ſu¬

421.0 2164.0 1772.0 130.0 périeure, ont paſſé en auſſi peu de tems, ou à-peu-

421.0 2261.0 1772.0 126.0 près, que celles qui ont été laiſſées ſans nourri¬

421.0 2384.0 187.0 93.0 ture.

515.0 2434.0 1678.0 133.0 LES Feuilles du Poirier, du Meurier blanc,

417.0 2535.0 1776.0 126.0 du Maronnier d’Inde, & de la Vigne de Canada,

417.0 2625.0 1776.0 130.0 qui ont tiré l’Eau par l’extrémité de leur Pédicu¬

421.0 2722.0 1762.0 130.0 le, ont vécu autant que celles qui ont été hume¬

417.0 2812.0 1232.0 112.0 ctées dans leur Surſace ſupérieure.

511.0 2902.0 1682.0 123.0 LES Feuilles de la Vigne, du Peuplier, du

417.0 3003.0 1769.0 119.0 Noyer & du Coudrier, qui ont pompé l’Eau par

414.0 3093.0 1769.0 144.0 leur Pédicule, ont ſurvécu à celles qui l’ont tirée

425.0 3191.0 983.0 162.0 par leur Surface ſupérieure.

2028.0 3284.0 147.0 148.0 AU
