3235 4353
1081 457 113 108 16

1299 406 1362 170 RECHERCHES SUR L'USAGE

1169 573 1688 156 Au reſte, on juge aiſément que les Expé¬

1067 685 1790 120 riences dont je viens de donner le précis, ſont de

1067 783 1786 127 nature à varier beaucoup quand on les repéte¬

1067 874 1794 123 ra. Mille circonſtances peuvent contribuer à ces

1074 972 1790 112 variétés; la température de l'Air, l'état actuel des

1071 1059 1790 116 Feuilles, leur eſpèce, leur âge, leur tiſſu, leur

1067 1157 1794 116 conſiſtence, leur grandeur, le plus ou le moins

1067 1251 1790 120 d'exactitude de l’Obſervateur, &c. Mais quelle

1067 1349 1790 120 que ſoit l’efficace de ces différentes circonſtan¬

1067 1436 1794 120 ces, je me perſuade cependant qu’on n'aura pas

1060 1527 1797 130 des Réſultats directement oppoſés aux miens. Je

1063 1628 1794 124 me fonde principalement ſur ce qu’aïant repété

1063 1719 1798 116 pluſieurs de mes premières Expériences, les Ré¬

1060 1817 1797 120 ſultats n’ont pas varié d’une manière ſenſible. Le

1067 1908 1790 112 Lilac, la Vigne, le Meurier blanc, le Soleil, la

1071 2002 1779 130 grande Maulve, le Bouillon blanc, m'en four¬

1067 2100 835 109 niroient des exemples.

1172 2187 1678 127 VIl. TOUTES les Expériences précedentes

1063 2296 1790 116 ont été faites ſur des Feuilles qui avoient atteint

1063 2379 1787 116 leur parfait accroiſſement, ou qui n’en étoient pas

1056 2470 1775 127 éloignées. Les Feuilles de grandeur moyenne,

1063 2568 1787 116 & ſur-tout celles qui ſont fort petites, humectées

1067 2662 1783 116 les unes & les autres dans leur Surfuce inférieu¬

1063 2753 1787 116 re, ne ſe conſervent pas vertes auſſi longtems

1067 2851 1779 127 que les grandes Feuilles de même Eſpèce, hume¬

1060 2945 1786 120 ctées dans la même Surface. Des Feuilles de

1067 3050 1775 98 Vigne, de 3 pouces de longueur ſur 4 pouces de

1056 3126 1783 120 largeur, miſes en Expérience de cette manière,

1056 3235 1786 171 ont vécu 15 jours. D'autres qui n’avoient que 8 à 10

2581 3337 258 163 lignes,
