3235 4322
2060.0 479.0 90.0 97.0 17

417.0 572.0 1758.0 148.0 lignes, & qui touchoient l'Eau par leur Surface

417.0 691.0 1175.0 122.0 inférieure, ont paſſé en 5 jours.

511.0 781.0 1664.0 123.0 LES Feuilles de grandeur moyenne, poſées

417.0 878.0 1762.0 108.0 ſur l’Eau par leur Surface ſupérieure, vivent au

417.0 961.0 1758.0 119.0 contraire plus longtems que les grandes Feuilles

417.0 1051.0 1755.0 133.0 de même Eſpèce, humectées dans cette Surface.

417.0 1145.0 1766.0 133.0 De grandes Feuilles de Vigne n’ont vécu ainſi

417.0 1242.0 1758.0 137.0 que 2 ou 3 jours, pendant que des Feuilles de

417.0 1329.0 1766.0 136.0 même Eſpèce, mais de grandeur moyenne, ont

425.0 1433.0 807.0 115.0 vécu environ un mois.

518.0 1512.0 1668.0 126.0 IL en eſt de même des Feuilles qui pompent

421.0 1613.0 1758.0 133.0 l'Eau par l’extrémité de leur Pédicule. Celles

425.0 1707.0 1761.0 119.0 qui ſont parvenues à leur parfait accroiſſement,

425.0 1800.0 1761.0 134.0 paſſent beaucoup plus vite que celles qui en ſont

421.0 1890.0 1762.0 123.0 encore éloignées. J’ai vérifié ces différentes Ex¬

421.0 1980.0 1762.0 134.0 périences. Il s’agiroit de les étendre à d’autres

421.0 2078.0 1758.0 126.0 Eſpèces. A prendre ici l’Analogie pour guide,

417.0 2179.0 1762.0 118.0 il y auroit lieu de penſer qu’il en eſt, à cet égard,

417.0 2269.0 1769.0 126.0 des Feuilles de la plûpart des Arbres & des Ar¬

421.0 2351.0 1765.0 126.0 briſſeaux, comme de celles de la Vigne. Mais

421.0 2449.0 1765.0 133.0 c’eſt une réflexion à laquelle j’aurai occaſion de

421.0 2549.0 295.0 116.0 revenir.

525.0 2643.0 1658.0 112.0 QUOIQU'IL en ſoit, on voit par ces Expé¬

417.0 2726.0 1766.0 126.0 riences, combien il importoit que je fiſſe remar¬

425.0 2823.0 1758.0 119.0 quer, que celles dont j’ai donné les Réſultats,

421.0 2920.0 1765.0 116.0 (V, VI.) ont été faites ſur des Feuilles qui avoient

421.0 3003.0 1765.0 123.0 atteint, ou à-peu-près, l’âge de maturité. Ceux

425.0 3104.0 1754.0 123.0 qui auroient repété les mêmes Expériences ſur de

421.0 3191.0 1758.0 180.0 jeunes Feuilles, auroient été ſurpris de trouver

1412.0 3299.0 111.0 144.0 C

2038.0 3288.0 145.0 155.0 des

673.0 446.0 1229.0 141.0 DES FEUILLES. I Mém.
