3238 4373
1031 451 121 121 IV

1374 437 1087 146 PRE'FACE.

1010 641 1812 124 gétation des Plantes dans d’autres matières que la

1020 743 1798 138 Terre, & principalement dans la Mouſſe, & l'U¬

1002 849 1816 145 ſage des Feuilles, ont été les premiers Objets de

1010 958 1805 138 mes Recherches. On a pu voir dans les nouveaux

1013 1060 1805 127 Mémoires publiés par l’ACADÉMIE ROYALE

1006 1162 1816 146 DES SCIENCES (*), les Expériences que j'ai

1010 1275 1808 142 commencées ſur le premier de ces Sujets. Je don¬

1002 1377 1813 142 ne ici celles que j’ai tentées ſur le ſecond. Quoi¬

1006 1494 1801 131 que les unes & les autres ne ſoient que de legères

1002 1592 1809 128 ébauches, je me flatte qu’elles ne ſeront pas inuti¬

999 1690 1819 146 les à l'Hiſtoire de la Végétation. Le goût de la

999 1800 1816 153 bonne Phyſique eſt aujourd'hui ſi répandu, qu’il

991 1913 1816 145 ſuffit d’indiquer une route, pour qu’elle ſoit bientôt

999 2033 583 146 très fréquentée.

1101 2233 1706 142 DES Figures ſont abſolument néceſſaires à un

1006 2332 1801 149 Ouvrage de la nature de celui-ci. Quelque clarté

1002 2441 1805 146 que j’aie tâché de donner à mes deſcriptions, j'au¬

999 2543 1801 131 rois risqué de n’être pas toujours entendu ſi j’avois

1006 2652 1798 143 été privé de ce ſecours. Mr. SOUBEYRAN, qui

1002 2754 1802 146 joint un Eſprit Philoſophique aux Talens d’un ex¬

1002 2857 1802 149 cellent Deſſinateur, a deſſiné toutes les Planches

2709 2988 95 109 de

1082 3108 1722 117 (*) Mémoires de Mathématique & de Phyſique préſentés à l'Aca¬

1010 3174 1783 229 démie Royale des Sciences, par divers Savans, & lus dans ſes Aſſem¬

990 3236 373 123 blées, 1750.
