3288 4373
1261 426 1359 186 RECHERCHES SUR L'USAGE

1057 451 94 157 2

1057 572 1800 167 nourricier, eſt un des principaux & des mieux

1057 710 1793 128 conſtatés par les belles Expériences de Mr. HA¬

1060 805 361 127 LES (*).

1159 878 1702 131 MAIS la préparation de ce Fluide, l'introdu¬

1049 980 1812 127 ction de l’Air dans le corps de la Plante, & la

1053 1082 1801 109 ſuccion des particules aqueuſes répanduës dans

1049 1177 1805 127 l’Atmoſphère, ſont d’autres fonctions qu’on a

1049 1271 1805 142 attribuées aux Feuilles, ſur des faits qui n’ont pas

1046 1366 1137 120 été juſqu’ici aſſés approfondis.

1159 1450 1684 131 J'AI fait, en ce dernier genre, des Recher¬

1049 1559 1801 117 ches, dont le ſuccès ſemble nous promettre plus

1042 1639 1801 121 de lumière. Je les dois principalement à un en¬

1046 1749 1800 102 tretien que j’eus un jour ſur ce ſujet, avec

1042 1840 1801 102 Mr. CALANDRINI, & dans lequel cet excel¬

1042 1924 1801 127 lent Profeſſeur me communiqua quelques Re¬

1042 2026 1797 109 marques, qui quoique fort ſimples, montrent à

1053 2120 1560 135 quel point il poſsède l’Eſprit d’obſervation.

1140 2215 1335 106 VOICI le précis de ces Remarques.

1133 2292 1706 124 II. ON diſtingue deux Surfaces dans les Feuil¬

1038 2397 1797 121 les des Plantes; la Surface ſupérieure, ou celle

1049 2485 1801 124 qui regarde le Ciel*; la Surface inférieure, ou

1046 2583 998 124 celle qui regarde la Terre*.

1133 2660 1702 127 CES deux Surfaces diffèrent ſenſiblement l'u¬

1035 2769 1797 117 ne de l’autre dans preſque toutes les Plantes ter¬

1035 2864 1800 116 reſtres. La Surface ſupérieure eſt ordinairement

1031 2959 1804 116 liſſe & luſtrée; ſes Nervûres* ne ſont pas ſail¬

1038 3050 1801 145 lantes. La Surface inférieure au-contraire, eſt

820 2467 211 149 * PL. VIII.

801 2591 132 83 s,s,s.

882 2631 113 94 * i,i,i.

794 2980 179 77 * PL. I.

801 3042 208 95 Fig. I. n,n.

1082 3236 707 218 (*) Statique des Végétaux.

2650 3163 181 123 plei¬
