3288 4373
1119.0 455.0 83.0 109.0 VI

1450.0 451.0 1072.0 135.0 PRE'FACE.

1082.0 626.0 1790.0 157.0 a gravé la plus grande partie des Planches de cet Ou¬

1078.0 739.0 1787.0 161.0 vrage. Les autres ſont de Mr. VAN DER SCHLEY,

1078.0 852.0 1801.0 142.0 qui a donné des preuves de ſon habileté dans la

1071.0 947.0 1797.0 146.0 belle Hiſtoire des Polypes de Mr. TREMBLEY.

1071.0 1060.0 1797.0 142.0 La réputation de ces deux Artiſtes eſt un ſûr ga¬

1068.0 1166.0 1793.0 149.0 rant de ſa fidélité avec laquelle ils ont rendu les Des¬

1049.0 1275.0 850.0 135.0 ſeins de ces Recherches.

1162.0 1490.0 1703.0 149.0 DE ſon côté le Libraire a tâché que l'Edition

1053.0 1596.0 1804.0 142.0 répondît à la beauté des Planches, & il peut ſe

1049.0 1705.0 831.0 135.0 flatter d’y avoir réuſſi.

1148.0 1902.0 1706.0 171.0 ENFIN, pour qu’il ne manquât rien à l'exé¬

1049.0 2026.0 1794.0 153.0 cution de cet Ouvrage, Mr. ALLAMAND,

1053.0 2135.0 1797.0 149.0 Profeſſeur de Mathématiques & de Philoſophie

1053.0 2241.0 1793.0 131.0 dans l'Univerſité de Leide, fort connu du Public

1049.0 2343.0 1801.0 142.0 par d’excellentes Productions en divers genres, a

1049.0 2452.0 1797.0 146.0 bien voulu s’y intéreſſer jusqu’à ſe charger d'en re¬

1049.0 2558.0 1797.0 127.0 voir les Epreuves. Je croirois manquer à ce que

1046.0 2652.0 1800.0 143.0 je dois à ſes ſoins ſi je ne l'aſſurois ici de ma

1053.0 2765.0 674.0 135.0 parfaite gratitude.

1140.0 2973.0 1703.0 157.0 LES Deſſeins les plus parfaits n’égalent pas la

1038.0 3082.0 1794.0 146.0 Nature : c’eſt elle qu’il faut ſur-tout conſulter.

1046.0 3192.0 1771.0 204.0 Je ſouhaiterois d'inſpirer ce déſir à mes Lecteurs,

2730.0 3289.0 90.0 209.0 &
