3235 4322
666 439 1311 130 DES FEUILLES. I. Mém.

2103 471 108 101 19

543 565 1668 148 IX. Quoique les Bords des Feuilles, qui

446 673 1765 137 ſont humectées dans l’une ou l’autre de leurs Sur¬

443 767 1772 137 faces, ſe deſsèchent ou périſſent ordinairement

450 864 1765 126 avant le reſte de la Feuille, parce qu’ils n’ont

446 954 1765 126 pas une communication immédiate avec l’Eau du

453 1051 1758 115 Vaſe (IV.), on voit cependant des Feuilles où

446 1138 1769 133 ils ſe conſervent très ſains des ſemaines & même

443 1235 1768 130 des mois. C’eſt ce que j’ai obſervé ſur les Feuil¬

443 1325 1772 126 les de pluſieurs Eſpèces de Plantes, ſoit Herba¬

446 1419 1769 133 cées, ſoit Ligneuſes, & principalement ſur celles

450 1519 1765 123 du Meurier blanc. Des Feuilles de cet Arbre qui

453 1602 1762 141 pompoient l’Eau par leur Surface inſérieure de¬

446 1699 1773 134 puis plus de 5 mois, avoient leurs Bords & leur

450 1790 1765 126 Pédicule auſſi verds & auſſi ſains, que ſi elles eus¬

450 1898 1769 118 ſent été détachées de la Plante depuis peu de

443 1988 230 122 jours.

543 2067 1683 126 IL eſt donc une étroite communication entre

450 2168 1779 126 toutes les parties de la Feuille. Les Vaiſſeaux

450 2261 1776 119 en s’abouchant les uns avec les autres, ſe commu¬

453 2369 1773 101 niquent reciproquement les ſucs qu’ils reçoivent

453 2445 1773 112 des Pores abſorbans les plus voiſins. Une médio¬

453 2539 1766 122 cre attention ſuffit pour découvrir à l’œil cette

453 2632 1769 123 communication. Elle forme ſur les deux côtés

446 2719 1758 129 de la Feuille une Eſpèce de Rézeau*, qu’on ne

450 2823 1761 108 ſe laſſe point d’admirer, lorſqu’il eſt devenu plus

453 2910 1766 126 ſenſible par une longue macération, ou que de

457 3000 1765 126 petits Inſectes ont conſumé la ſubſtance délicate

461 3108 1044 119 qui en rempliſſoit les mailles.

551 3183 1668 180 DANS les Feuilles dont la Surface ſupérieu¬

2234 2784 194 89 * PL. I.

2237 2845 129 79 FIG. 2.

2129 3295 86 115 re

1484 3331 148 86 C 2
