2133 3814
565 200 77 146 8

775 228 900 137 Da foire S. Germain,

543 330 1011 134 La maiſon qui ſignoit en ſecond.

960 457 581 108 ARLEQUIN.

638 553 493 117 Vous l’avez dit.

864 664 684 108 COLOMBINE.

629 791 1256 98 Pour moy tout ce que je voyois m’é¬

537 870 1344 105 chauffoit ſi fort le ſang, que je me ſuis faite

534 953 1344 108 Limonadiere pour me rafraîchir la con¬

534 1032 263 118 ſcience.

915 1128 604 111 ARLEQUIN.

623 1245 1258 112 C’eſt-à dire que vous avez preſentement

537 1322 1344 120 la conſcience à la glace, & moy pour le

546 1420 1335 96 repos de la mienne j’attrape icy l’argent du

540 1496 1345 109 paſſant, c’eſt moy qui fais voir la bouche

537 1573 1341 95 de la verité, la mort de Lucrece, le Qua¬

540 1646 1341 108 dran du Zodiaque, le Serrail de l Empereur

527 1738 1351 114 du Cap verd, & autres niaiſeries lucratives

540 1818 578 117 de cette nature-là.

877 1929 667 108 COLOMBINE.

623 2043 820 118 Quoy c’eſt toy qui.....

877 2135 629 131 ARLEQUIN.

638 2256 585 105 C’eſt moy-même.

874 2355 667 117 COLOMBINE.

603 2472 1269 111 Voilà cinquante Piſtolles qui te vont

540 2568 1335 95 ſaûter au collet ſi tu veux ayder à deſabuſer

530 2638 1345 130 un vieux Docteur, & renvoyer un Provin¬

534 2714 693 190 cial à Pont-l'Evêque.

1560 2752 315 197 ARLE¬
