2214 3814
515 279 89 156 18

734 282 907 134 La foire S. Germain,

502 403 627 108 Crains ma colere;

508 483 668 108 J’ay mordu ta mere

499 568 487 96 A quinze ans.

502 654 834 105 Prends garde à mes dens,

499 724 560 102 Car en ce temps

502 807 687 95 Une Fille n’eſt guére

499 886 763 108 Plus Fille que ſa Mere.

846 982 664 111 COLOMBINE.

572 1090 1279 117 Mais, Monſieur, ſi la Bouche eſtoit une

512 1191 1275 115 gourmande qui m’allât mordre ſans ſujet?

881 1284 575 117 ARLEQUIN.

547 1385 1304 131 C’eſt une bouche fort ſobre, qui ne mord

515 1493 550 115 que fort à propos.

572 1585 1276 137 Il luy prend la main pour la mettre

655 1697 1186 127 dans la Bouche de la Verité, qui

658 1798 926 112 s’avance pour la mordre.

556 1919 1282 118 Il y a là du demy-Caſtor, & voſtre

502 2005 1005 111 main n’eſt pas ſi Fille que vous.

833 2116 681 92 COLOMBINE.

563 2212 1297 105 Monſieur, je ſuis tres-humble ſervante à

505 2294 1346 143 la Bouche de la Verité, mais j’ay trop peur

505 2374 643 108 de ſes vilaines dents.

763 2593 808 216 Fin du premier Acte
