2133 3814
556 273 124 127 14

778 247 903 147 La foire S. Germain,

546 365 1329 114 dix-huit,  mais vous ſerez terriblement

559 460 973 93 long-temps ſur la dixneuviéme.

877 524 683 156 COLOMBINE.

645 661 1236 101 J’ay une veille tante, qui veut abſolu¬

543 740 1332 108 ment paſſer pour ma ſœur, elle dit que la

553 835 1319 89 glace de ſon miroir eſt ridée, & qu'on n’en

540 902 1252 130 fait plus de ſi belle qu’au temps paſſé.

909 1032 594 121 ARLEQUIN.

616 1175 1259 121 Allez, dites-luy que je fais travailler à

543 1271 1322 108 une Manufacture de Glaces pour les vieilles :

540 1338 1335 124 vous voulez ſçavoir apparamment ſi vous

540 1420 547 108 aurez des amans:

883 1544 658 121 COLOMBINE.

623 1633 1242 130 Des amans, & qu’eſt-ce que des amans?

909 1748 585 111 ARLEQUIN.

616 1846 1256 143 Vous ne ſçavez pas ce que c’eſt qu’un

537 1951 416 105 amant, vous

855 2046 670 96 COLOMBINE.

613 2145 483 105 Non vraiment.

902 2234 595 143 ARLEQUIN.

623 2336 1239 143 Vous eſtes pourtant de taille à le fçavoir:

543 2447 1332 102 Un amant eſt un eſpece d’animal qui s’inſi¬

543 2529 1326 102 nuë auprés d'une fille en chien couchant,

543 2606 1326 136 qui la mord en matin, & s’enfuit en lê¬

546 2695 194 152 vrier.
