2160 3814
569 314 83 105 22

734 286 1034 143 La foire de S. Germain,

906 422 601 105 MEZETTIN.

601 511 1275 131 Puis qu'on arrête ainſi ma Caleche je veux

540 619 1330 105 me réjoüir à rouër de coups ce maraut-là.

543 686 1321 146 Il bat l’homme qui meine la vinaigret¬

534 791 569 124 te d’Arlequin.

906 918 598 114 ARLEQUIN.

604 1023 1266 124 Madame, Madame, ſi vous voulez bat¬

537 1115 1333 118 tre mon Cocher depéchez-vous s’il vous

543 1188 926 108 plaiſt, car je le tiens à l’heure.

906 1296 601 134 MEZETTIN.

607 1404 1269 118 Petit Laquais allez me chercher à dîner à

537 1500 1339 133 la Gargotte, & faites porter du foin pour mes

540 1570 328 101 Chevaux.

916 1649 595 137 ARLEQUIN.

620 1795 1253 124 Pour moy j’ay toûjours des vivres pour

537 1872 1009 123 trois jours, donnez ma Cuiſine.

585 1986 1291 143 Il tire de ſa Chaize des Serviettes,

534 2097 1342 150 de la Vaiſſelle, un Poulet, de la

531 2208 1329 194 Salade, une Bouteille & des verres.
