2157 3787
1534 186 101 199 7

590 2635 660 94 COLOMBINE.

277 343 964 124 de la peine à ſe ſauver à la nage.

653 444 607 117 ARLEQUIN.

375 558 1245 117 L’honneur d’apreſent eſt pourtant bien

277 646 1339 117 mince, & bien leger, il devroit aller ſur

277 728 670 117 l’eau comme du liege.

625 811 672 142 COLOMBINE.

344 940 1266 117 Et cette femme de Robbe, par exemple,

277 1031 1343 124 que vous avez éclairée, ſon honneur ſçavoit

281 1129 284 120 il nager?

634 1173 600 130 ARLEQUIN.

344 1312 1263 92 Oh! pour celui-là il faiſoit quelquefois le

277 1404 1330 95 plongeon; Elle n’avoit jamais étudié, & ſi

265 1467 1336 101 elle ſçavoit autant de latin que ſon mary,

271 1546 1330 110 c’étoit elle qui faiſoit l’Extrait de tous les

277 1644 1185 101 procés dont Monſieur étoit rapporteur.

593 1723 692 104 COLOMBINE.

258 1836 1349 111 Eh! cette femme Gardenotte n’a-t’elle ja ¬

262 1921 1238 117 mais fait de fauſſeté dans ſon miniſtere ?

618 2032 613 107 ARLEQUIN.

328 2133 1276 113 Il ne faut jamais dire de mal des gens dont

255 2228 1339 107 on a mangé le pain; mais ſi on avoit gar ¬

249 2310 1342 107 dé minutte dans l’Etude de tout ce qui ſe

258 2385 1333 114 paſſoit dans la Chambre, il auroit fallu

255 2467 1333 127 plus de vingt Clercs pour en délivrer des

252 2553 401 123 expeditions.

328 2720 1257 195 C’eſt-à-dire qu’il y avoit quelqu’un dans

795 239 379 120 Comedie.
