2214 3814
508 285 70 140 6

674 286 926 130 La foire S. Germain,

836 413 684 120 COLOMBINE.

575 540 1279 111 Il n’y a pas grand ouvrage à friſer des

499 629 1066 98 cheveux en abregé comme ceux là.

556 848 1276 102 Oh! malepeſte ne vous y trompez pas,

881 731 604 120 ARLEQUIN.

493 915 1342 111 j’aimerois mieux friſer trois teſtes de fem¬

486 1013 1359 105 mes en boucles, que de mettre une ſeule tête

489 1080 605 111 d’Abbé en marons.

795 1188 674 105 COLOMBINE.

493 1303 1342 117 Il y a quelquefois plus d’affaires auprés

483 1388 1304 112 de ces Meſſieurs là qu’auprés des femmes.

833 1481 614 130 ARLEQUIN.

566 1611 1259 105 On en dit la rage des femmes, mais pour

470 1703 1355 99 moy je ne les trouve pas ſi dévergondées

480 1767 557 120 que les hommes.

804 1862 675 133 COLOMBINE.

566 1986 1247 98 Elles ſont pourtant bien expoſées au pe¬

477 2069 1333 101 ril; car pour peu qu’une femme ait d’en¬

473 2148 1340 105 joüement, un homme luy donne vivement

480 2228 1323 98 Ia chaſſe, elle évite un temps l’écüeil dan¬

483 2310 1317 111 gereux des preſens, elle reſiſte à la tempeſte,

473 2390 1330 98 mais à la fin il vient une bouraſque de

480 2472 1320 111 pleurs & de ſoûpirs; un amant fait force

470 2549 1327 108 de voile, il double le cap de bonne eſperan¬

470 2631 1327 99 ce, une femme veut ſe ſauver, elle donne

473 2711 1317 108 contre un rocher, voilà la barque renverſée,

473 2806 1330 105 & dans cette extremité-là l’honneur a bien
