2205 3787
808 242 370 114 Comedie.

1544 242 86 155 13

634 362 680 108 COLOMBINE.

410 476 1229 107 Je ne crois pas qu’au monde il y ait une

322 561 1320 101 Fille plus craintive que moy, je n’oſerois

319 643 1320 108 demeurer ſeule; & la nuit j’ay ſi peur des

325 735 1317 104 Eſprits, qu’il faut que j’aille coucher avec

325 814 831 94 ma Mere pour me raſſeurer.

676 889 603 133 ARLEQUIN.

369 1031 1273 92 Si vous aviez la connoiſſance de certains

322 1095 1323 116 Eſprits palpables, ce ne ſeroit pas voſtre

312 1170 1327 123 Mere que vous chercheriez le plus : Je gage

325 1256 1314 107 que vous venez ſçavoir ſi voſtre beauté du¬

328 1350 515 101 rera long temps.

647 1426 676 120 COLOMBINE.

369 1555 1270 114 Mais, Monſieur, je crois qu’elle durera

319 1647 710 101 autant que ma jeuneſſe.

666 1732 594 120 ARLEQUIN.

372 1849 1267 129 Les Femmes d’aujourd'huy pouſſent la

319 1943 1317 108 jeuneſſe bien loin ; & j’en connois qui

315 2041 1318 101 ſuivanr leur calcul ſont encore plus jeunes

325 2114 505 101 que leurs Fllles.

638 2224 666 127 COLOMBINE

369 2329 1264 230 Cela eſt vray. C’eſt pour cela que je re¬

309 2401 1321 155 nonceray à la jeuneſſe dés que j’auray vingt-

319 2480 148 142 ans.

653 2606 645 114 ARLEQUIN.

306 2710 1324 190 Vous compterez de bonne foy juſques à

1269 2811 92 104 C
