2214 3814
458 257 73 197 4

451 349 1384 115 de ces Chevaliers desheritez par la fortune

451 438 1384 108 qui retrouvent leur patrimoine dans la bour¬

448 518 455 120 ſe des paſſans.

858 613 589 121 ARLEQUIN.

550 727 1263 118 Oh! oh! vous mettez ma pudeur hors

454 813 1378 108 des gonds. Je ſuis un Gentilhomme qui ay

458 896 1374 124 quitté le ſervice pour venir prendre de l’em¬

467 963 519 130 ploy à la foire.

814 1071 681 111 COLOMBINE.

550 1188 1304 121 Peut-on vous demander où vous avez ſer¬

470 1274 1069 114 vy, en Flandres ou en Allemagne.

467 1462 305 104 A Paris.

849 1404 611 89 ARLLQUIN.

480 1620 292 109 A Paris.

820 1554 681 114 COLOMBINE.

865 1703 617 115 ARLEQUIN.

563 1808 1291 124 Oüy, j’ay eſté trois ans Cuiraſſier dans le

477 1913 1380 89 Guet, aprés avoir ſervy volontaire dans le

483 1976 837 118 Regiment de l’Arc-en-ciel.

827 2091 668 102 COLOMBINE.

553 2180 1263 149 Je n'ay pas oüy parler de ce Regiment-là.

871 2304 601 111 ARLEQUIN.

575 2409 1298 108 Diable c’eſt un des plus beaux Regimens

493 2498 1380 111 de France, les ſoldats y ſont tantoſt fantaſ¬

496 2577 1374 95 ſins, tantoſt carroſſiers, & ſont habillez

499 2653 1371 134 de verd, de jaune ou de rouge ſuivant la fan¬

508 2746 643 139 taiſie des Capitaines.

690 241 878 124 La foire S. Germain,
