2205 3787
770 287 373 107 Comedie.

1522 268 127 142 17

306 388 1330 101 falſifier, & telle porte une lozange en écuſ¬

312 489 1324 85 ſon qui entoureroit ſes armes de bien des

309 555 1333 88 cordons de veuve. Ecoutez, il faut mettre

315 628 1324 97 voſtre main dans la Bouche de la Verité, ſi

315 710 1321 110 vous eſtes Fille elle ne vous fera point de

309 788 1324 105 mal; mais ſi vous n’eſtiez que demie Fille,

303 874 1339 104 elle vous mordera ſi ſerré, qu’elle ne vous

303 949 850 130 lâchera peut-être de dix ans.

638 1063 672 120 COLOMBINE.

328 1173 1317 108 Mais... Mais, Monſieur, qu’eſt-ce donc

315 1246 616 98 qu’une demie Fille ?

338 1347 1273 126 ARLEQUIN, d’un air embarraſſé.

369 1473 1276 104 Peſte ſoit de l’interrogation. Une demye

312 1546 1327 129 Fille c’eſt.... comme.... Par exemple....

312 1622 1141 110 N’avez-vous jamais veu des Caſtors?

634 1726 661 117 COLOMBINE.

372 1833 427 139 Oh qu'oüy !

660 1966 606 116 ARLEQUIN.

353 2079 1296 114 Il y a des demy-Caſtors auſſi.. il y a du

306 2155 1327 142 mélange.. tout le monde vous dira cela...

309 2237 547 110 Allons, voyons.

631 2325 683 130 COLOMBINE.

360 2436 1273 129 Oüy-dà, je ne crains rien, & j’y mettray

303 2530 783 114 ma main juſqu’au coude.

274 2631 1362 139 LA BOUCHE DE LA VERITE', chante.

363 2726 812 196 Prends garde à mes dents,

1197 2846 207 108 C iij
