2205 3787
799 271 366 120 Comedie.

1513 284 88 132 15

619 381 673 123 COLOMBINE.

353 498 1273 126 Oh! vraiment ſi c’eſt là ce que vous ap¬

296 596 1056 117 pellez des amans j’en ay beaucoup.

676 687 590 117 ARLEQUIN.

375 798 1258 114 Je le ſçavois bien moy, vous avez eſté

287 883 597 104 morduë peut-eſtre.

616 981 685 117 COLOMBINE.

363 1091 1270 130 Jay entr’autres un grand Couſin qui me

296 1183 1330 107 baiſe toûjours les mains dés qu'il les peut at¬

296 1262 1330 129 traper, & qui dit qu’il ſe tuëra ſi je ne l’ai¬

296 1353 143 120 me.

679 1429 571 98 ARLEQUIN.

366 1521 774 123 Voilà le chien couchant.

609 1641 689 97 COLOMBINE.

356 1742 1274 116 Je connois auſſi un jeune Monſieur qui va

290 1830 1336 123 à l’armée, & qui me donne toûjours quel¬

300 1915 805 111 que choſe avant de partir.

650 2022 604 101 ARLEQUIN.

369 2117 1046 136 Oh! pour celui là c’eſt le levrier.

619 2234 676 110 COLOMBINE.

366 2329 1260 129 C’eſt luy qui m’a donné les Cornettes &

293 2445 1062 101 les engageantes que vous me voyez.

641 2527 606 120 ARLEQUIN.

344 2638 1289 113 Des cornettes & des engageantes ? quand

293 2720 1333 189 une fille eſt priſe par la teſte & par les bras

1220 2823 165 105 C ij
