2592 3508
699 137 85 67 14

1029 128 699 76 La HENRIADE.

684 263 922 93 Mais ſi ſa verité n'éclaire vos eſprits,

681 365 1129 73 N’eſperez point entrer dans les murs de Paris.

681 438 1203 88 Sur-tout des plus grands cœurs évitez la foibleſſe.

684 532 1129 90 Fuiez d’un doux poiſon l’amorce enchantereſſe,

684 610 1121 88 Craignez vos paſſions, & ſachez quelque jour

684 704 1015 79 Reſiſter aux plaiſirs & combattre l’amour.

681 786 1147 85 Enfin quand vous aurez par un effort ſupréme

681 877 1214 93 Triomphé des Ligueurs & ſur-tout de vous même,

675 950 1141 105 Lorſqu’en un ſiêge horrible, & célebre à jamais,

681 1043 1141 94 Tout un Peuple étonné vivra de vos bien-faits;

675 1131 1059 88 Ces tems de vos Etats finiront les miſeres;

681 1207 1159 102 Vous leverez les yeux vers le Dieu de vos peres,

678 1295 1214 105 Vous verrez qu’un cœur droit peut eſperer en lui.

669 1382 1080 88 Et que qui lui reſſemble eſt ſûr de ſon apui.

731 1479 1173 90 Chaque mot qu’il diſoit étoit un trait de flâme,

672 1549 1159 96 Qui pénetroit Henry juſqu’au fond de ſon ame.

669 1639 1159 100 Il ſe crut tranſporté dans ces tems bienheureux,

667 1721 1097 94 Où le Dieu des humains converſoit avec eux.

667 1821 1082 85 Où la ſimple vertu prodiguant les miracles,

667 1891 1158 96 Commandoit à des Rois & rendoit des oracles.

661 1979 1053 93 Il preſſa dans ſes bras ce vieillard vertueux.

664 2063 1176 103 Des pleurs en l'embraſſant coulêrent de ſes yeux.
