2592 3508
667 184 87 67 12

997 146 731 99 La HENRIADE.

667 315 1281 82 Fuiant le bruit des Cours, & ſe cherchant lui même,

669 388 890 94 Il avoit abaiſſé l'orgueil du diadême.

731 572 1059 79 Le trouble répandu dans l'Empire chrétien,

675 654 1027 88 Fut pour eux le ſujet d’un utile entretien.

681 739 1068 88 Mornay qui dans ſa ſecte étoit inébranlable,

681 833 1080 82 Prétoit au Calviniſme un appui redoutable;

684 915 1179 81 Henry doutoit encore, & demandoit aux cieux,

684 996 1062 88 Qu'un raion de clarté vint deſſiller ſes yeux.

684 1084 986 85 De tout temps, diſoit-il, la verité ſacrée,

687 1169 1188 85 Chez les foibles humains, fut d’erreurs entourée.

687 1257 1138 87 Faut-il que de Dieu ſeul attendant mon appui,

690 1347 1079 88 J’ignore les ſentiers qui menent juſqu'à lui ?

690 1423 1293 91 Hélas ! un Dieu ſi bon, qui de l'homme eſt le maitre,

696 1511 968 85 En eut été ſervi, s’il avoit voulu l'être.

754 1596 1130 84 De Dieu, dit le vieillard, adorons les deſſeins.

696 1683 1071 85 Et ne l'accuſons pas des fautes des humains.

696 1774 1155 85 J'ai vu naitre autrefois le Calviniſme en France.

699 1856 1401 90 Foible, marchant dans l’ombre, humble dans ſa naiſſance;

696 1958 1044 73 Je l’ay vu ſans ſuport exilé dans nos murs,

702 2034 1105 76 S'avancer à pas lents par cent détours obſcurs.
