2592 3508
906 160 618 85 CHANT PREMIER.

1875 181 49 99 9

529 321 1071 82 Cenſeur des courtiſans, mais a la cour aimé,

532 403 1024 82 Fier ennemi de Rome, & de Rome eſtimé.

590 575 1095 82 A travers deux rochers, où la mer mugiſſante

532 654 1158 88 Vient briſer en couroux ſon onde blanchiſſante;

532 742 1214 85 Dieppe aux yeux du Heros offre un tranquile Port.

532 841 1091 74 Les matelots ardents s’empreſſent ſur le bord.

529 917 1363 88 Les vaiſſeaux ſous leurs mains fiers ſouverains des ondes,

532 1008 1123 79 Etoient prêts à voler ſur les plaines profondes.

535 1090 1012 82 L'impêtueux Borée enchaîné dans les airs,

532 1172 1074 90 Au ſouffle du Zephire abandonnoit les mers.

532 1257 1214 84 On lêve l’anchre, on part, on fuit loin de la terre.

532 1344 1199 82 On découvroit de loin les bords de l'Angleterre;

532 1432 1100 85 L'aſtre brillant du jour a l'inſtant s'obſcurcit.

535 1505 1232 94 L'air ſiffle, le ciel gronde, & l'onde au loin gémit.

535 1593 1112 93 Les vents ſont dechainez ſur les vagues émûes.

535 1692 1038 79 La foudre etincelante eclatte dans les nues.

535 1765 995 94 Et le feu des eclairs, & l'abime des flots,

535 1859 1112 82 Offroient partout la mort aux pâles matelots.

538 1944 968 84 Le heros qu'aſſiegeoit une mer en furie,

538 2022 1199 91 Ne ſonge en ce danger qu’aux maux de ſa patrie,

1102 2198 94 90 c
