2592 3508
944 160 615 82 CHANT PREMIER.

1904 175 59 73 11

585 312 1053 82 Un rocher qui le cache à la fureur des flots,

585 394 1059 85 Deffend aux aquilons d’en troubler le repos.

585 479 1123 85 Une grotte eſt auprès, dont la ſimple ſtructure

579 567 1135 84 Doit tous ſes ornements aux mains de la nature.

585 669 1070 67 Un vieillard venerable avoit loin de la Cour

579 736 1088 88 Cherché la douce paix dans cet obſcur ſéjour.

579 821 1044 85 Aux humains inconnu, libre d’inquiétude,

576 906 1103 85 C'eſt-là, que de lui-même il faiſoit ſon étude;

579 996 980 85 C'eſt-là qu'il regretoit ſes inutiles jours,

582 1084 1185 82 Perdus dans les plaiſirs, plongés dans les amours.

579 1166 1182 88 Sur l'émail de ces prez au bord de ces fontaines,

579 1254 1021 84 Il fouloit à ſes piéds les paſſions humaines.

579 1333 1193 93 Tranquille il attendoit, qu’au gré de ſes ſouhaits,

579 1438 1120 67 La mort vint à ſon Dieu le rejoindre à jamais.

579 1505 1152 85 Ce Dieu qu’il adoroit, prit ſoin de ſa vielleſſe.

582 1607 1003 70 Il fit dans ſon deſert deſcendre la ſageſſe.

579 1677 1073 91 Et prodigue envers lui de fes treſors divins,

582 1768 988 85 Il ouvrit à ſes yeux le Livre des deſtins.

640 1870 1182 68 Ce vieillard au heros que Dieu lui fit connoitre,

585 1958 1252 67 Au bord d’une onde pure offre un feſtin champêtre.

582 2037 921 73 Le Prince à ces repas étoit accoutumé.

582 2110 1199 94 Souvent ſous l'humble toît du laboureur charmé,

1102 2218 109 59 C 2
