2592 3508
763 178 61 55 2

1120 152 661 81 La HENRIADE

827 315 942 79 Je t’implore aujourd’huy ſévère vérité.

772 409 974 64 Répans ſur mes écrits ta force & ta clarté.

772 494 1094 64 Que l’oreille des Rois s’accoutume à t’entendre.

772 575 1141 65 C’eſt à toi d’annoncer ce qu’ils doivent apprendre.

769 648 1033 79 C’eſt à toy de montrer aux yeux des nations,

772 727 892 82 Les coupables effets de leurs diviſions.

775 821 1147 70 Dis comment la diſcorde a troublé nos Provinces;

775 912 1223 67 Dis les malheurs du peuple, & les fautes des Princes.

781 976 1173 88 Viens, parle; & s'il eſt vray que la fable autrefois

775 1069 992 79 Sut à tes fiers accents mêler ſa douce voix,

781 1169 895 64 Si ſa main délicate orna ta tête altiere,

778 1233 1073 88 Si ſon ombre embellit les traits de ta lumiere;

781 1335 1070 65 Avec moi ſur tes pas permets lui de marcher,

781 1414 1067 65 Pour orner tes attraits, & non pour les cacher.

792 1569 117 158 V

936 1587 1135 67 ALOIS règnoit encore, & ſes mains incertaines,

942 1663 1015 70 De l'Etat ébranlé laiſſoient flotter les rênes.

789 1745 1045 76 Ses eſprits languiſſoient par la crainte abatus.

789 1824 966 82 Ou plutôt en effet Valois ne règnoit plus.

795 1926 1042 64 Ce n’étoit plus ce Prince environné de gloire,

804 2008 1144 76 Aux combats dès l’enfance inſtruit par la victoire,
