2592 3508
930 157 614 85 CHANT PREMIER.

1851 163 62 79 17

590 309 1191 82 Ah s’écria Bourbon, quand pourront les François

535 388 1164 85 Voir d’un regne auſſi beau fleurir les juſtes loix !

532 491 1164 70 Quel exemple pour vous, monarques de la terre !

535 578 1041 65 Une femme a fermé les portes de la guerre,

532 648 1144 82 Et renvoyant chez vous la diſcorde & l’horreur,

532 730 1126 85 D'un peuple qui l'adore, elle a fait le bonheur.

590 920 1004 71 Cependant il arrive à cette ville immenſe,

529 985 986 82 Où la liberté ſeule entretient l’abondance.

532 1087 1112 76 Du vainqueur des Anglois il aperçoit la tour.

529 1154 995 85 Non loin, d'Eliſabeth eſt l'auguſte ſejour.

590 1259 1051 71 Suivi de Mornay ſeul il va trouver la Reine,

535 1347 1158 64 Sans apareil, ſans bruit, ſans cette pompe vaine,

535 1414 1381 88 Dont les grands, quels qu’ils ſoient, en ſecret ſont épris;

535 1511 1062 67 Mais que le vray heros regarde avec mépris.

535 1581 1044 85 Il parle; ſa franchiſe eſt ſa ſeule eloquence.

532 1677 1021 77 Il expoſe en ſecret les beſoins de la France,

535 1768 971 67 Et juſqu’à la priere humiliant ſon cœur,

535 1838 1033 82 Dans ſes ſoumiſſions decouvre ſa grandeur.

538 1938 1161 70 Quoy vous ſervez. Valois ? dit la Reine ſurpriſe,

535 2008 1176 79 C’eſt lui, qui vous envoye au bord de la Tamiſe ?

1059 2177 67 79 D
