2592 3508
933 131 597 88 CHANT PREMIER.

1851 128 76 94 7

570 289 995 85 Et l'Eſpagnol avide, enrichi de mes pertes,

579 380 1082 81 Vient en foule inonder mes campagnes deſertes.

626 464 1023 79 Contre tant d’ennemis ardents à m’outrager,

570 543 1112 85 Dans la France à mon tour appellons l’étranger.

573 619 1044 91 Des Anglois en ſecret gagnez l'illuſtre Reine.

582 713 1108 93 Je ſai qu’entr’eux & nous une immortelle haine,

579 800 977 77 Nous permet rarement de marcher réunis,

582 868 1053 93 Que Londre eſt de tout tems l’emule de Paris.

582 950 1123 90 Mais après les affronts dont ma gloire eſt flétrie,

590 1034 1001 111 Je n'ai plus de ſujets, je n'ai plus de patrie,

590 1119 975 105 Je hais, je veux punir des peuples odieux,

588 1210 1140 85 Et quiconque me vange, eſt Francois à mes yeux.

593 1289 957 102 Je n’occuperai point dans un tel miniſtère

593 1373 966 94 De mes ſecrets Agens la lenteur ordinaire.

599 1452 1109 111 Je n’implore que vous; c’eſt vous de qui la voix

596 1546 1027 91 Peut ſeule à mon malheur intereſſer les Rois.

599 1637 939 81 Allez dans AIbion, que votre renomée

605 1707 1103 93 Y parle en ma deffenſe, & m’y lève une armée,

608 1806 1059 88 Je veux par votre bras vaincre mes ennemis;

605 1888 1053 79 Mais c’eſt de vos vertus que j'attens des amis.

664 1961 997 91 Il dit : & le Héros, qui jaloux de ſa gloire,

614 2058 1059 78 Craignoit de partager l’honneur de la victoire,
