2592 3508
944 137 597 88 CHANT PREMIER.

1884 146 52 99 5

649 298 1094 82 Contre ce monſtre affreux, contre ſes attentats,

593 368 1100 99 Les deux Rois réunis raſſembloient leurs ſoldats.

596 464 1296 88 Cent chefs ſont auprès d’eux, fiers ſoutiens de la France.

599 546 1042 88 Diviſez par leur ſecte, unis par la vangeance.

602 628 1226 94 C'eſt aux mains de Bourbon que leur ſort eſt commis.

602 713 1027 90 En gagnant tous les cœurs, il les a tous unis.

602 809 1047 79 On eût dit que l’armée à ſon pouvoir ſoumiſe,

605 888 1170 79 Ne connoiſſoit qu'un chef, & n'avoit qu'une Egliſe.

664 1064 1064 76 Le pere des Bourbons, du ſein des immortels,

614 1148 910 79 Louis fixoit ſur lui ſes regards paternels.

617 1230 965 79 Il préſageoit en lui la ſplendeur de ſa race.

617 1303 1024 91 Il plaignoit ſes erreurs, il aimoit ſon audace.

620 1388 986 85 De ſa couronne un jour il devoit l’honorer;

623 1479 950 82 Il vouloit plus encor; il vouloit l'éclairer.

626 1566 1111 76 Mais Henri s’avançoit vers ſa grandeur ſuprême,

626 1651 1026 79 Par des chemins cachez inconnus à lui même.

626 1733 1056 79 Louis du haut des cieux lui prêtoit ſon appuy:

628 1821 1057 67 Mais il cachoit le bras qu’il étendoit pour luy,

634 1888 1051 91 De peur que ce Héros, trop ſûr de ſa victoire,

637 1982 1173 84 Avec moins de danger n'eût acquis moins de gloire.
