2592 3508
678 157 111 82 16

1003 146 717 87 La HENRIADE.

672 298 960 90 C’étoit Elifabeth, elle dont la prudence

672 385 1133 91 De l'Europe a ſon choix fit pencher la ballance,

672 479 1048 82 Et fit aimer ſon joug a l'anglois indompté,

678 558 1021 88 Qui ne peut ni ſervir, ni vivre en liberté.

734 654 1208 79 Ses peuples ſous ſon regne ont oublié leurs pertes.

678 745 1390 73 De leurs nombreux troupaux leurs plaines ſont couvertes,

672 815 1282 85 Les guerets de leurs bléds, les mers de leurs vaiſſaux.

678 900 1287 91 Ils ſont craints ſur la terre, ils ſont rois ſur les eaux.

672 991 1048 84 Leur flotte imperieuſe aſſerviſſant neptune,

678 1075 986 82 Des bouts de l’univers appelle la fortune.

678 1163 1050 85 Londres jadis barbare eſt le centre des arts,

678 1245 1045 85 Le magazin du monde, & l'azile de mars.

681 1335 1252 76 Aux murs de Weſminſter on voit paroitre enſemble

681 1420 1238 88 Trois pouvoirs étonnez du nœud qui les raſſemble,

675 1502 1173 94 Les députez du peuple, & les grands, & le roy,

675 1590 884 82 Diviſez d'intereſt, réunis par la loy,

681 1680 1197 79 Tout trois membres ſacrez de ce corps invincible,

681 1777 1103 67 Dangereux à luy même, à ſes voiſins terrible.

678 1844 1285 91 Heureux, lors que le peuple inſtruit dans ſon devoir,

681 1941 1188 73 Reſpecte autant qu'il doit, le ſouverain pouvoir,

681 2020 1334 93 Plus heureux, lors qu'un roy, doux, juſte, & politique,

678 2101 1135 88 Reſpecte autant qu'il doit, la liberté publique.
