2592 3508
684 169 88 70 10

1018 140 702 90 La HENRIADE.

681 295 1299 87 Tourne ſes yeux vers elle, & dans ſes grands deſſeins,

678 380 1068 90 Semble accuſer les verts d’arrêter ſes deſtins.

684 488 1085 73 Tel, & moins genereux, aux rivages d’Epire,

675 555 1068 88 Lors que de l’univers il diſputoit l’empire,

681 646 1042 84 Confiant ſur les flots aux aquilons mutins,

681 733 1059 79 Le deſtin de la terre, & celuy des Romains,

681 815 980 82 Défiant a la fois & Pompée, & Neptune,

687 903 965 82 Ceſar à la tempeſte oppoſoit ſa fortune.

746 1093 1073 67 Dans ce même moment le Dieu de l’univers,

687 1163 1082 79 Qui vole ſur les vents, qui ſoulêve les mers,

684 1242 1129 85 Ce Dieu dont la ſageſſe ineffable, & profonde,

690 1333 1202 81 Change, élève, & détruit les empires du monde;

690 1432 1223 73 De ſon trone enflammé qui luit au haut des cieux,

687 1511 1088 70 Sur le heros francois daigna baiſſer les yeux.

690 1584 1153 93 Il le guidoit luy même. Il ordonne aux orages,

693 1680 1152 79 De porter le vaiſſeau, vers ces prochains rivages,

693 1756 1229 82 Où Jarzay ſemble aux yeux ſortir du ſein des flots.

699 1844 991 82 Là, conduit par le ciel, aborda le Heros.

757 1941 1241 73 Non loin de ce rivage, un bois ſombre & tranquille

699 2014 1149 84 Sous des ombrages frais preſente un doux azile.
