2592 3508
895 160 599 82 CHANT PREMIER.

1825 160 79 88 15

520 304 1086 87 Et dès ce moment même il entrevit l’aurore,

520 391 1138 88 De ce jour qui pour luy ne brilloit pas encore.

526 488 1132 79 Mornay parut ſurpris, & ne fut point touché.

526 558 1109 88 Dieu maitre de ſes dons, de luy s’étoit caché.

529 646 1071 90 Vainement ſur la terre il eut le nom de ſage.

529 745 1097 76 Au milieu des vertus l’erreur fut ſon partage.

588 818 1120 91 Tandis que le vieillard inſtruit par le ſeigneur,

529 903 1059 93 Entretenoit le prince, & parloit à ſon cœur,

529 999 1062 79 Les vents impetueux à ſa voix s’appaisêrent,

529 1075 989 91 Le ſoleil reparut, les ondes ſe caſmêrent.

532 1160 1100 94 Bientot jusqu’au rivage il conduiſit Bourbon.

532 1248 1091 90 Le Heros part, & vole aux plaines d'Albion.

590 1420 1059 88 En voiant, l'Angleterre, en ſecret il admire

532 1517 1150 76 Le changement heureux de ce puiſſant empire,

538 1587 939 93 Où l'eternel abus de tant de ſages loix,

538 1672 1240 96 Fit longtemps le malheur & du peuple, & des rois.

538 1756 1135 94 Sur ce ſanglant theatre où cent heros perirent,

538 1841 1182 97 Sur ce trone gliſſant dont cent rois deſcendirent,

541 1932 1085 93 Une femme à ſes pieds enchainant les revers,

541 2014 1032 99 De l’eclat de ſon regne ètonnoit l’univers.
