2592 3508
634 119 47 82 8

968 116 670 94 Le HENRIADE

631 286 922 73 Sentit en l'écoutant une juſte douleur.

634 365 1062 85 Il regretoit ces tems ſi chers à ſon grand cœur,

631 450 1080 90 Où fort de ſa vertu, ſans ſecours, ſans intrigue,

634 534 1054 82 Lui ſeul avec Condé faiſoit trembler la Ligue.

634 622 1115 79 Mais il fallut d'un Maître accomplir les deſſeins.

634 710 1115 73 Il ſuſpendit les coups qui partoient de ſes mains.

634 789 1010 85 Et laiſſant ſes lauriers cueillis ſur ce rivage,

634 885 963 68 A partir de ces lieux il forca ſon courage.

634 961 951 76 Les Soldats étonnez ignorent ſon deſſein :

634 1046 998 79 Et tous de ſon retour attendent leur deſtin.

634 1122 1007 91 Il marche. Cependant, la Ville criminelle,

631 1216 1097 84 Le croit toujours préſent, prêt à fondre ſur elle,

634 1300 1162 91 Et ſon nom, qui du Trône eſt le plus ferme appui,

634 1388 1089 76 Semoit encor la crainte, & combattoit pour lui.

687 1558 1009 81 Dèja des Neuſtriens il franchit la campagne.

631 1639 1089 88 De tous ſes favoris, Mornay ſeul l'accompagne,

631 1727 1092 88 Mornay ſon confident, mais jamais ſon flateur,

628 1818 1033 76 Soutien trop vertueux du party de l'erreur,

634 1903 1062 84 Qui ſignalant toujours ſon zèle & ſa prudence,

634 1987 945 79 Servit également ſon Egliſe & la France.
