2592 3508
696 163 1322 85 YOUR MAJESTY will find in this Book,

620 242 1395 85 bold impartial Truths; Morality unſtained

626 312 1386 94 with Superſtition; a Spirit of Liberty, e¬

626 394 1398 94 qually abhorrent of Rebellion, and of Ty¬

626 476 1389 105 ranny; the Rights of Kings always aſſer¬

626 555 1372 96 red, and thoſe of Mankind never laid aſide.

710 719 1308 93 The ſame Spirit in which it is written,

637 800 1387 91 gave me the Confidence to offer it to the

634 879 1390 91 virtuous Conſort of a King, who among ſo

628 961 1393 103 many crowned Heads, enjoys, almoſt alone,

631 1037 1390 97 the ineſtimable Honour of ruling a Free Na¬

631 1116 1396 103 tion, a King who makes his Power conſiſt in

634 1201 1364 94 being beloved, and his Glory in being juſt.

705 1359 1331 96 Our Deſcartes, who was the greateſt

637 1438 1393 96 Philoſopher in Europe, before Sir Iſaac New¬

631 1523 1405 96 ton appeared, dedicated his Principles to the

637 1599 1396 108 celebrated Princeſs Palatine Elizabeth; not,

637 1683 1399 97 ſaid he, becauſe ſhe was a Princeſs, for true

634 1759 1399 100 Philoſophers reſpect Princes, and never flat¬

637 1841 1399 100 ter them; but becauſe, of all his Readers

640 1920 1399 105 ſhe underſtood him the beſt, and loved

658 2002 535 88 Thruth the moſt.

1989 2174 64 79 1
