2592 3508
754 114 73 84 6

1114 116 673 91 La HENRIADE

822 280 1105 79 Dèja les deux Partis aux pieds de ces remparts

766 368 1030 79 Avoient plus d'une fois balancé les hazards;

763 444 1080 85 Dans nos champs déſolés, le démon du carnage

763 529 1053 84 Dèja juſqu'aux deux mers avait porté ſa rage;

760 608 1103 87 Quand Valois à Bourbon tint ce triſte diſcours,

760 701 1118 79 Dont ſouvent ſes ſoupirs interrompoient le cours.

824 774 1001 85 Vous voïez à quel point le deſtin m'humilie.

757 868 1045 82 Mon injure eſt la vôtre, & la Ligue ennemie,

757 953 1012 76 Levant contre ſon Prince un front ſéditieux,

757 1031 1252 88 Nous confond dans ſa rage, & nous pourſuit tous deux.

754 1119 1127 82 Paris nous méconnoit, Paris ne veut pour maître,

754 1198 1147 88 Ni moi qui ſuis ſon Roi, ni vous qui devez l'être;

751 1277 1121 94 Ils ſavent que les Loix, les nœuds ſacrés du ſang,

748 1376 1068 76 Que ſur-tout la vertu vous appelle à mon rang.

751 1455 948 79 Et redoutant dèja votre grandeur future,

748 1537 1168 85 Du trône où je chancelle, ils penſent vous exclure.

746 1622 927 76 De la Réligion, terrible en ſon couroux,

748 1698 951 88 Le fatal anathême eſt lancé contre vous.

751 1789 1235 90 Rome, qui ſans ſoldats porte en tous lieux la guerre,

751 1879 1089 76 Aux mains des Eſpagnols a remis ſon tonnerre.

746 1961 936 82 Sujets, amis, parens, tout a trahi ſa foi,

754 2037 1176 94 Tout me ſuit, m’abandonne, ou s'arme contre moi :
