2592 3508
912 175 600 79 CHANT PREMIER.

1828 195 58 68 3

547 342 1141 70 Dont l’Europe en tremblant regardoit les progrès,

544 423 918 76 Et qui de ſa patrie emporta les regrets,

547 505 1091 70 Quand du Nord étonné de ſes vertus ſuprèmes,

547 584 1070 73 Les peuples à ſes pieds mettoient les diadèmes.

555 672 1159 70 Tel brille au ſecond rang, qui s’éclipſe au premier.

552 760 937 67 Il devint lâche Roi, d’intrépide guerrier.

555 824 1013 82 Endormi ſur le Trône au ſein de la moleſſe,

549 926 1062 67 Le poids de ſa Couronne accabloit ſa ſoibleſſe,

552 993 1074 82 Quelus & S. Maigrin, Joyeuſe, & d'Eſpernon,

558 1090 1083 70 Tirans voluptueux qui règnoient ſous ſon nom,

552 1172 1016 70 D'un maître efféminé corrupteurs politiques,

555 1259 1226 68 Plongeoient dans les plaiſirs ſes langueurs létargiques.

614 1338 942 71 Des Guiſes cependant le rapide bonheur,

555 1426 1007 64 Sur ſon abaiſſement élevoit leur grandeur;

558 1496 1056 85 Ils ſormoient dans Paris cette Ligue fatale,

558 1578 872 85 De ſon foible pouvoir inſolente rivale.

558 1675 1059 70 Deux Partis oppoſez, du même orgueuil épris,

561 1748 1141 76 De ſon Trône à ſes yeux diſputoient les débris :

561 1844 1039 67 Ses amis corrompus bien-tôt l’abandonnerent,

570 1923 1094 76 Du Louvre épouvanté ſes peuples le chaſſerent.

1196 2166 100 82 B 2
