2592 3508
930 137 620 88 CHANT PREMIER.

1843 140 73 105 13

544 277 1108 103 Enfin mes yeux ont vu du ſein de la pouſſiere,

547 377 974 87 Ce fantôme effraiant lever ſa tête altiere;

549 450 1045 96 Se placer ſur le trône, inſulter aux mortels,

555 529 1094 105 Et d'un piéd dédaigneux renverſer nos autels.

614 616 1106 103 Loin de la Cour alors en cette grotte obſcure

558 704 928 99 De ma religion je vins pleurer l’injure.

564 789 1261 105 Là quelque eſpoir au-moins conſole mes vieux jours.

564 879 1047 100 Un culte ſi nouveau ne veut durer toûjours.

561 964 1021 97 Des caprices de l'homme il a tiré ſon être.

564 1046 1056 102 On le verra périr, ainſi qu'on l'a vu naitre.

567 1137 1200 102 Les œuvres des humains ſont fragiles comme eux.

570 1221 1138 100 Dieu diſſipe à ſon gré leurs deſſeins orgueilleux.

573 1295 1208 114 Lui ſeul eſt toûjours ſtable. En vain nôtre malice

576 1385 921 108 De ſa ſainte Cité veut ſapper l'édifice;

576 1479 1062 96 Lui-même en affermit les ſacrez fondements,

582 1558 1228 102 Ces fondements vainqueurs de l’enfer & des temps.

637 1631 1279 120 C’eſt à vous, grand Bourbon, qu’il ſe fera connoitre.

590 1724 1100 108 Vous ſerez éclairé, puiſque vous voulez l'être.

585 1806 1228 108 Ce Dieu vous a choiſi.  Sa main dans les combats,

590 1906 972 99 Au trône des Valois va conduire vos pas.

590 1996 1048 91 Déja ſa voix terrible ordonne à la victoire,

596 2078 1130 102 De préparer pour vous les chemins de la gloire.
